@comment{Automatically generated by Mendeley Desktop 1.18

Any changes to this file will be lost if it is regenerated by Mendeley.



BibTeX export options can be customized via Preferences -> BibTeX in Mendeley Desktop}

@inproceedings{Card1987,
author = {Card, Stuart K and Henderson, Austin},
booktitle = {CHI '87},
file = {:Users/judithborghouts/Library/Application Support/Mendeley Desktop/Downloaded/Card, Henderson - 1987 - Rooms A Multiple, Virtual-Workspace Interface to Support User Task Switching.pdf:pdf},
pages = {53--59},
title = {{Rooms: A Multiple, Virtual-Workspace Interface to Support User Task Switching}},
url = {http://rivcons.com/wp-content/uploads/1987/Rooms-CHI.pdf},
year = {1987}
}

@misc{FocusMe,

title = {{FocusMe}},

url = {https://focusme.com/},

urldate = {2018-08-25},

 year = {2018}

}

@misc{Freedom,

title = {{Freedom}},

url = {https://freedom.to/},

urldate = {2018-08-25},

 year = {2018}

}





@misc{RescueTime,

title = {{RescueTime}},

url = {https://www.rescuetime.com},

urldate = {2018-01-09},

year = {2018}

}



@misc{ManicTime,

title = {{ManicTime}},

url = {https://www.manictime.com},

urldate = {2018-01-09},

year = {2018}

}



@inproceedings{Acharya2011,

 author = {Acharya, Chitra and Thimbleby, Harold and Oladimeji, Patrick},

 booktitle = {{Proceedings of the 24th BCS Conference on Human Computer Interaction: Play is a serious business}},

 number = {48},

 pages = {168--176},

 title = {Human Computer Interaction and medical devices},

 year = {2010}

}


@inproceedings{Hanrahan2015,
author = {Hanrahan, Benjamin V and P{\'{e}}rez-Qu, Manuel A},
booktitle = {{CHI '15}},
address = {{Seoul, Republic of Korea}},
pages = {3981--3984},
title = {{Lost in Email: Pulling Users Down a Path of Interaction}},
year = {2015}
}

@inproceedings{Adamczyk2004,
address = {Vienna, Austria},
author = {Adamczyk, Piotr D and Bailey, Brian P},
booktitle = {{CHI '04}},
file = {:Users/judithborghouts/Library/Application Support/Mendeley Desktop/Downloaded/Adamczyk, Bailey - 2004 - If Not Now , When The Effects of Interruption at Different Moments Within Task Execution.pdf:pdf},
isbn = {1581137028},
keywords = {affective state,attention,interruption,task models},
pages = {271--278},
title = {{If Not Now, When?: The Effects of Interruption at Different Moments Within Task Execution}},
year = {2004}
}




@article{Adler2015,

 author = {Adler, Rachel F and Benbunan-Fich, Raquel and Lárusdóttir, Marta Kristín},

 journal = {Interacting with Computers2},

 keywords = {empirical studies in HCI,laboratory experiment,user studies},

 number = {4},

 pages = {430--439},

 title = {The Effects of Task Difficulty and Multitasking on Performance},

 volume = {7},

 year = {2015}

}



@article{Alter2007,

 author = {Alter, Adam L and Oppenheimer, Daniel M and Epley, Nicholas and Eyre, Rebecca N},

 journal = {Journal of Experimental Psychology: General},

 keywords = {Cognition,Decision Making,Humans,Intuition,Judgment,Pilot Projects},

 month = {nov},

 number = {4},

 pages = {569--76},

 title = {Overcoming intuition: metacognitive difficulty activates analytic reasoning.},

 volume = {136},

 year = {2007}

}



@inproceedings{Altmann2004,

 author = {Altmann, Erik M and Trafton, J Gregory},

 booktitle = {{Proceedings of the 26th Annual Conference of the Cognitive Science Society}},

 title = {Task Interruption: Resumption Lag and the Role of Cues},

 year = {2004}

}



@article{Altmann2002,

 author = {Altmann, Erik M. and Trafton, J. Gregory},

 journal = {Cognitive Science},

 keywords = {Cognitive simulation,Goals,Memory,Problem-solving,Prospective memory,Towers of Hanoi},

 pages = {39--83},

 title = {Memory for goals: an activation-based model},

 volume = {26},

 year = {2002}

}



@article{Altmann2014,

 author = {Altmann, Erik M. and Trafton, J. Gregory and Hambrick, David Z.},

 journal = {Journal of Experimental Psychology: General},

 keywords = {Cognitive control,Placekeeping,Procedural error,Task interruption},

 number = {1},

 pages = {215--226},

 title = {Momentary Interruptions Can Derail the Train of Thought},

 volume = {143},

 year = {2014}

}



@article{Altmann2017,

 author = {Altmann, Erik M. and Trafton, J. Gregory and Hambrick, David Z.},

 journal = {Journal of Experimental Psychology: Applied},

 keywords = {cognitive control,memory,procedural error,task interruption},

 number = {2},

 pages = {216--229},

 title = {Effects of Interruption Length on Procedural Errors},

 volume = {23},

 year = {2017}

}



@article{Ament2013,

 author = {Ament, Maartje G. A. and Cox, Anna L. and Blandford, Ann and Brumby, Duncan P.},

 journal = {Journal of Experimental Psychology: Applied},

 keywords = {error,memory,task performance},

 pages = {195--204},

 title = {Making a task difficult: evidence that device-oriented steps are effortful and error-prone.},

 volume = {19},

 year = {2013}

}



@unpublished{Ament2013,

 author = {Ament, Maartje G. A. and Cox, Anna L. and Blandford, Ann and Brumby, Duncan P.},

 booktitle = {{Chemistry & \ldots}},

 keywords = {error,memory,routine task performance},

 number = {0},

 pages = {1--30},

 title = {Performance in Routine Procedural Tasks: Device-Oriented Steps Are More Error Prone and Take Longer than Task-Oriented Steps,},

 volume = {44},

 year = {2013}

}



@incollection{Anderson2008,

 author = {Anderson, Ross},

 booktitle = {{Security Engineering}},

 pages = {313--364},

 title = {Banking and Bookkeeping},

 year = {2008}

}



@inproceedings{Andrews2010,

 address = {Atlanta, GA, USA},

 author = {Andrews, Christopher and Endert, Alex and North, Chris},

 booktitle = {{Proceedings of the 2010 CHI Conference on Human Factors in Computing Systems - CHI '10}},

 keywords = {distributed cognition,embodiment,large high-resolution displays,sensemaking,space,visual analytics},

 title = {Space to Think: Large, High-Resolution Displays for Sensemaking},

 year = {2010}

}



@misc{Apple2018,

author = {Apple},

title = {{iOS 12 introduces new features to reduce interruptions and manage Screen Time}},

url = {https://www.apple.com/uk/newsroom/2018/06/ios-12-introduces-new-features-to-reduce-interruptions-and-manage-screen-time/},

urldate = {2018-08-14},

year = {2018}

}





@article{Arif2010,

 author = {Arif, Ahmed Sabbir and Stuerzlinger, Wolfgang},

 journal = {Proceedings of the 28th international conference on Human factors in computing systems - CHI '10},

 keywords = {User and cognitive model, performance metric, text},

 pages = {5},

 title = {Predicting the cost of error correction in character-based text entry technologies},

 year = {2010}

}



@inproceedings{Arif2016,

 author = {Arif, Ahmed Sabbir and Stuerzlinger, Wolfgang and Mazalek, Ali and Kim, Sunjun and Lee, Geehyuk},

 booktitle = {{CHI 2016}},

 pages = {5151--5162},

 title = {Evaluation of a Smart-Restorable Backspace Technique to Dacilitate Text Entry Error Correction},

 year = {2016}

}



@book{Baccelli2012,

 author = {Baccelli, Emmanuel and Jacquet, Philippe and Mans, Bernard and Rodolakis, Georgios},

 booktitle = {{IEEE Transactions on Information Theory}},

 number = {3},

 pages = {1743--1756},

 title = {Licensed to : CengageBrain User Licensed to : CengageBrain User},

 volume = {58},

 year = {2012}

}



@inproceedings{Back2010,

 author = {Back, Jonathan and Brumby, Duncan P. and Cox, Anna L.},

 booktitle = {{CHI 2010}},

 number = {3},

 title = {Locked-out : Investigating the Effectiveness of System Lockouts to Reduce Errors in Routine Tasks},

 year = {2010}

}



@inproceedings{Back2013a,

 address = {Paris, France},

 author = {Back, Jonathan and Cox, Anna L.},

 booktitle = {{CHI '13 Extended Abstracts on Human Factors in Computing Systems}},

 pages = {1731--1736},

 title = {Artifacts for Programmable Devices: The Good, the Bad and the Ugly},

 year = {2013}

}



@inproceedings{Back2012,

 address = {Austin, TX, USA},

 author = {Back, Jonathan and Cox, Anna L. and Brumby, Duncan P.},

 booktitle = {{CHI '12}},

 keywords = {Human error,information access cost,multitasking},

 pages = {1651--1654},

 title = {Choosing to Interleave: Human Error and Information Access Cost},

 year = {2012}

}



@inproceedings{Back2013,

 author = {Back, Jonathan and Iacovides, Ioanna and Furniss, Dominic and Vincent, Chris and Cox, Anna L. and Blandford, Ann},

 booktitle = {{CHI 2013}},

 number = {109},

 title = {Designing Better Prescription Charts : Why we can't just ask the nurses},

 year = {2013}

}



@incollection{Baddeley1974,

 address = {New York},

 author = {Baddeley, Alan D and Hitch, G},

 booktitle = {{The Psychology of Learning and Motivation: Advances in Research and Theory}},

 editor = {Bower, G. H.},

 pages = {47--89},

 publisher = {Academic Press},

 title = {Working memory},

 volume = {8},

 year = {1974}

}



@inproceedings{Bailey2000,

 author = {Bailey, Brian P and Konstan, Joseph A and Carlis, John V},

 booktitle = {{IEEE International Conference on Systems, Man, and Cybernetics 2000: Cybernetics Evolving to Systems, Humans, Organizations, and Their Complex Interactions}},

 keywords = {Agents,Annoyance,Anxiety,Automated Tasks,Awareness,Interruption,Intrusion},

 pages = {757--762},

 publisher = {Piscataway: Institute of Electrical and Electronics Engineers},

 title = {The Effects of Interruptions on Task Performance, Annoyance, and Anxiety in the User Interface},

 year = {2000}

}



@inproceedings{Bailey2001,

 author = {Bailey, Brian P and Konstan, Joseph A and Carlis, John V},
address = {{Tokyo, Japan}},

 booktitle = {{INTERACT '01}},

 keywords = {Agents,Annoyance,Anxiety,Automated Tasks,Awareness,Interruption,Intrusion},

 pages = {593--601},

 title = {The Effects of Interruptions on Task Performance, Annoyance, and Anxiety in the User Interface},

 year = {2001}

}



@book{Bailey2006,

 author = {Bailey, Stepen},

 pages = {272},

 title = {Academic writing: a handbook for international students},

 year = {2006}

}



@inproceedings{Banjo2015,

 author = {Banjo, Olatunde and Jain, Atul and Chen, Feng},

 booktitle = {{Proceedings of the 2015 Science and Information Conference, SAI 2015}},

 keywords = {3D PDF,remanufacturing,simulation,virtual engineering},

 pages = {916--920},

 title = {Model based virtual engineering approach to remanufacturing design},

 year = {2015}

}



@inproceedings{Banovic2013,

 author = {Banovic, N and Grossman, T and Fitzmaurice, G},

 booktitle = {{CHI 2013}},

 pages = {1373--1382},

 title = {The effect of time-based cost of error in target-directed pointing tasks},

 year = {2013}

}



@article{Barchard2011,

 author = {Barchard, Kimberly a. and Pace, Larry a.},

 journal = {Computers in Human Behavior},

 keywords = {Data cleaning,Data entry,Double entry,Outliers,Visual checking},

 number = {5},

 pages = {1834--1839},

 publisher = {Elsevier Ltd},

 title = {Preventing human error: The impact of data entry methods on data accuracy and statistical results},

 volume = {27},

 year = {2011}

}



@article{Barchard2013,

 author = {Barchard, Kimberly a. and Verenikina, Yevgeniya},

 journal = {Computers in Human Behavior},

 keywords = {Data checking,Double entry,Read aloud,Visual checking},

 number = {5},

 pages = {1917--1922},

 publisher = {Elsevier Ltd},

 title = {Improving data accuracy: Selecting the best data checking technique},

 volume = {29},

 year = {2013}

}



@article{Bardram2005,

 author = {Bardram, Jakob E.},

 journal = {ECSCW 2005 workshop, Activity-From a theoretical to \ldots},

 keywords = {activity-based computing,computer,context-aware computing,healthcare,human-computer interaction,supported cooperative work},

 title = {Activity-based computing-lessons learned and open issues},

 year = {2005}

}



@inproceedings{Bardram2006,

 author = {Bardram, Jakob E. and Bunde-Pedersen, Jonathan and Soegaard, Mads},

 booktitle = {{CHI '06}},

 keywords = {ABC,activity-based computing,task management,ubiquitous computing,user evaluation},

 pages = {211--220},

 title = {Support for activity-based computing in a personal computing operating system},

 year = {2006}

}



@article{Bardram2012,

 author = {Bardram, Jakob E. and Gueddana, Sofiane and Houben, Steven and Nielsen, Søren},

 journal = {Proceedings of the 2012 ACM annual conference on Human Factors in Computing Systems - CHI '12},

 pages = {2845},

 title = {ReticularSpaces: Activity-Based Computing Support for Physically Distributed and Collaborative Smart Spaces},

 year = {2012}

}



@article{Bauer2014,

 author = {Bauer, Jared S. and Newman, Mark W. and Kientz, Julie a.},

 journal = {Human–Computer Interaction},

 keywords = {09,09 august 2014,1072954 registered,15,at,by,england and wales registered,francis,informa ltd registered in,koc university,number,on,publisher,s article was downloaded,taylor},

 number = {5-6},

 pages = {420--450},

 title = {What Designers Talk About When They Talk About Context},

 volume = {29},

 year = {2014}

}



@misc{BBC2018,

author = {BBC},

booktitle = {{BBC}},

title = {{Junior doctors' job offers withdrawn after blunder}},

url = {http://www.bbc.co.uk/news/uk-44020235},

urldate = {2018-05-31},

year = {2018}

}





@inproceedings{Bellotti2003,

 address = {Ft. Lauderdale, Florida, USA},

 author = {Bellotti, Victoria and Ducheneaut, Nicolas and Howard, Mark and Smith, Ian},

 booktitle = {{CHI '03}},

 keywords = {design solution,user study},

 pages = {345--352},

 title = {Taking Email to Task: The Design and Evaluation of a Task Management Centered Email Tool},

 year = {2003}

}



@article{Berndt2014,

 author = {Berndt, Erik and Furniss, Dominic and Blandford, Ann},

 journal = {Cognition, Technology and Work},

 keywords = {Anaesthesia,Anaesthesiology,Contextual Inquiry,DiCoT,Distributed Cognition,Healthcare},

 pages = {431--449},

 publisher = {Springer London},

 title = {Learning Contextual Inquiry and Distributed Cognition: a case study on technology use in anaesthesia},

 year = {2014}

}



@article{Bi2014,

 author = {Bi, Xiaojun and Bae, Sh and Balakrishnan, Ravin},

 journal = {Human–Computer Interaction},

 number = {2},

 pages = {153--203},

 title = {WallTop: Managing Overflowing Windows on a Large Display},

 volume = {29},

 year = {2014}

}



@inproceedings{Bi2009,

 address = {Boston, MA, USA},

 author = {Bi, Xiaojun and Balakrishnan, Ravin},

 booktitle = {{CHI '09}},

 keywords = {Large display,Personal desktop work},

 pages = {1005--1014},

 title = {Comparing Usage of a Large High-Resolution Display to Single or Dual Desktop Displays for Daily Work},

 year = {2009}

}



@incollection{Bjork2009,

 author = {Bjork, Elizabeth L and Bjork, Robert A},

 booktitle = {{Psychology and the real world: Essays illustrating fundamental contributions to society}},

 edition = {2},

 editor = {Gernsbacher, M.A. and Pomerantz, J.},

 pages = {55--64},

 publisher = {New York: Worth Publishers.},

 title = {Making Things Hard on Yourself, But in a Good Way: Creating Desirable Difficulties to Enhance Learning},

 year = {2009}

}



@incollection{Blandford2013b,

 author = {Blandford, Ann},

 booktitle = {{The Encyclopedia of Human-Computer Interaction}},

 title = {Semi-Structured Qualitative Studies},

 year = {2013}

}



@inproceedings{Blandford2013,

 address = {Croydon, England},

 author = {Blandford, Ann},

 booktitle = {{Contemporary Ergonomics and Human Factors 2013: Proceedings of the International Conference on Ergonomics & Human Factors}},

 editor = {Anderson, M.},

 number = {100},

 publisher = {CRC Press},

 title = {Interactions “ in the Wild ”: Explorations in Healthcare},

 year = {2013}

}



@article{Blandford2013a,

 author = {Blandford, Ann},

 journal = {International Journal of Conceptual Structures and Smart Applications},

 number = {1},

 pages = {1--17},

 title = {Eliciting people's conceptual models of activities and systems},

 volume = {1},

 year = {2013}

}



@incollection{Blandford2006a,

 author = {Blandford, Ann and Furniss, Dominic},

 booktitle = {{Cognition}},

 keywords = {020 7679 5288,020 7679 5295,12 pages excluding this,ambulance,ann blandford,control,corresponding author,distributed cognition,emergency medical dispatch,evaluation methods,fax,full paper,paper type,team working,tel,title page},

 pages = {31--32},

 title = {DiCoT: a methodology for applying Distributed Cognition to the design of team working systems},

 year = {2006}

}



@incollection{Blandford2006,

 address = {Berlin, Heidelberg},

 author = {Blandford, Ann and Furniss, Dominic},

 booktitle = {{Interactive Systems. Design, Specification, and Verification: 12th International Workshop, DSVIS 2005, Newcastle upon Tyne, UK, July 13-15, 2005. Revised Papers}},

 editor = {Gilroy, Stephen W and Harrison, Michael D},

 pages = {26--38},

 publisher = {Springer Berlin Heidelberg},

 title = {DiCoT: A Methodology for Applying Distributed Cognition to the Design of Teamworking Systems},

 year = {2006}

}



@article{Blandford2016,

 author = {Blandford, Ann and Furniss, Dominic and Makri, Stephann},

 journal = {Synthesis Lectures on Human-Centered Informatics},

 number = {1},

 pages = {1--115},

 publisher = {Morgan \& Claypool Publishers},

 title = {Qualitative HCI Research: Going Behind the Scenes},

 volume = {9},

 year = {2016}

}



@article{Blandford2008,

 author = {Blandford, Ann and Green, Thomas R G and Furniss, Dominic and Makri, Stephann},

 journal = {International Journal of Human Computer Studies},

 keywords = {CASSM,Co-evolution,Conceptual structures,Usability evaluation methods},

 pages = {393--409},

 title = {Evaluating system utility and conceptual fit using CASSM},

 volume = {66},

 year = {2008}

}



@phdthesis{Bondarenko2010,

 author = {Bondarenko, Olha},

 school = {Eindhoven University of Technology},

 title = {Supporting Document Management in Complex Multitask Environments},

 type = {doctoral},

 year = {2010}

}



@inproceedings{Bondarenko2005,

 address = {Portland, OR, USA},

 author = {Bondarenko, Olha and Janssen, R.},

 booktitle = {{CHI '05}},

 keywords = {Paper-digital integration,document management,email,ethnography,paper},

 pages = {121--130},

 title = {Documents at hand: Learning from Paper to Improve Digital Technologies},

 year = {2005}

}



@article{Borghouts2018,

 author = {Borghouts, Judith and Brumby, Duncan P. and Cox, Anna L.},

 journal = {International Journal of Human-Computer Studies},

 title = {Task Interruptions in the Office: Digital Self-Interruptions are Harder to Manage than Physical Ones},
 
 year = {submitted}
}



@inproceedings{Borghouts2017,

 address = {Sheffield, UK},

 author = {Borghouts, Judith and Brumby, Duncan P. and Cox, Anna L.},

 booktitle = {{Proceedings of 15th European Conference on Computer-Supported Cooperative Work}},

 title = {Batching, Error Checking and Data Collecting: Understanding Data Entry in a Financial Office},

 year = {2017}

}



@inproceedings{Borghouts2018a,

 address = {Montreal, Canada},

 author = {Borghouts, Judith and Brumby, Duncan P. and Cox, Anna L.},

 booktitle = {{CHI '18 Extended Abstracts}},

 keywords = {Data entry,email,notifications,online experiment,self-interruptions,task switching},

 title = {Looking Up Information in Email: Feedback on Visit Durations Discourages Distractions},

 year = {2018}

}



@inproceedings{Borghouts2015,

 address = {Los Angeles, CA, USA},

 author = {Borghouts, Judith and Soboczenski, Frank and Cairns, Paul and Brumby, Duncan P.},

 booktitle = {{Proceedings of the Human Factors and Ergonomics Society Annual Meeting}},

 pages = {591--595},

 title = {Visualizing Magnitude: Graphical Number Representations Help Users Detect Large Number Entry Errors},

 year = {2015}

}



@inproceedings{Borst2015,

 author = {Borst, Jelmer P. and Taatgen, Niels A and van Rijn, Hedderik},

 booktitle = {{Proceedings of the 33rd Annual ACM Conference on Human Factors in Computing Systems (CHI '15)}},

 pages = {2971--2980},

 title = {What Makes Interruptions Disruptive? A Process-Model Account of the Effects of the Problem State Bottleneck on Task Interruption and Resumption},

 volume = {1},

 year = {2015}

}



@article{Brannon2006,

 author = {Brannon, Elizabeth M},

 journal = {Current opinion in neurobiology},

 keywords = {Animals,Biological Evolution,Cerebral Cortex,Cerebral Cortex: anatomy & histology,Cerebral Cortex: physiology,Cognition,Cognition: physiology,Humans,Learning,Learning: physiology,Mathematics,Nerve Net,Nerve Net: anatomy & histology,Nerve Net: physiology,Neural Pathways,Neural Pathways: anatomy & histology,Neural Pathways: physiology,Neuropsychological Tests,Species Specificity,Thinking,Thinking: physiology},

 month = {apr},

 number = {2},

 pages = {222--9},

 title = {The representation of numerical magnitude.},

 volume = {16},

 year = {2006}

}



@article{Braun2006,

 author = {Braun, V. and Clarke, V.},

 journal = {Qualitative Research in Psychology},

 number = {2},

 pages = {77--101},

 title = {Using thematic analysis in psychology},

 volume = {3},

 year = {2006}

}



@article{Brown1987,

 author = {Brown, Polly S and Gould, John D},

 journal = {ACM Transactions on Information Systems (TOIS)},

 keywords = {and phrases,errors,programming,spreadsheets},

 number = {3},

 pages = {258--272},

 title = {An experimental study of people creating spreadsheets},

 volume = {5},

 year = {1987}

}



@article{Brumby2013,

 author = {Brumby, Duncan P. and Cox, Anna L. and Back, Jonathan and Gould, Sandy J.J.},

 journal = {Journal of Experimental Psychology: Applied},

 number = {2},

 pages = {95--107},

 title = {Recovering from an interruption: Investigating speed-accuracy tradeoffs in task resumption strategy},

 volume = {19},

 year = {2013}

}



@article{Brumby2014,

 address = {New York, New York, USA},

 author = {Brumby, Duncan P. and Cox, Anna L. and Chung, Jacqueline and Fernandes, Byron},

 journal = {Proceedings of the 32nd annual ACM conference on Human factors in computing systems - CHI '14},

 pages = {3895--3898},

 publisher = {ACM Press},

 title = {How does knowing what you are looking for change visual search behavior?},

 year = {2014}

}



@inproceedings{Brumby2011,

 author = {Brumby, Duncan P. and Davies, Sce and Janssen, Christian P and Grace, Jj},

 booktitle = {{CHI 2010}},

 title = {Fast or safe? How performance objectives determine modality output choices while interacting on the move},

 year = {2011}

}



@inproceedings{Brumby2009,

 author = {Brumby, Duncan P. and Salvucci, Dario D and Howes, Andrew},

 booktitle = {{CHI 2009}},

 keywords = {Handheld,Multitasking,User and Cognitive models},

 pages = {1629--1638},

 title = {Focus on Driving: How Cognitive Constraints Shape the Adaptation of Strategy when Dialing while Driving},

 year = {2009}

}



@article{Bryman2007a,

 archiveprefix = {arXiv},

 arxivid = {arXiv:1011.1669v3},

 author = {Bryman, Alan},

 eprint = {arXiv:1011.1669v3},

 journal = {Qualitative Research},

 keywords = {doubt that research that,involves the integration of,mixed-methods,multi-strategy research,qualitative research,quanti-,quantitative research,research,there can be little,typologies},

 number = {1},

 pages = {97--113},

 title = {Integrating quantitative and qualitative research: how is it done?},

 volume = {6},

 year = {2007}

}



@article{Bryman2007,

 author = {Bryman, Alan},

 journal = {Journal of Mixed Methods Research},

 number = {8},

 pages = {8--22},

 title = {Barriers to Integrating Quantitative and Qualitative Research},

 volume = {1},

 year = {2007}

}



@article{Byrne1995,

 author = {Byrne, Michael D and Bovair, Susan},

 journal = {Cognitive Science},

 number = {1},

 pages = {31--61},

 title = {A Working Memory Model of a Common Procedural Error},

 volume = {21},

 year = {1995}

}



@inproceedings{Byrne1999,

 author = {Byrne, Michael D and John, Bonnie E and Wehrle, Neil S and Crow, David C},

 booktitle = {{CHI 1999}},

 keywords = {a click study can,actions occurred,and,but not the tasks,for example,in which users were,links are traversed,often pages are visited,provide information about how,the users},

 title = {The tangled Web we wove: a taskonomy of WWW use},

 year = {1999}

}



@book{Cairns2008,

 address = {New York, NY, USA},

 author = {Cairns, Paul and Cox, Anna L.},

 publisher = {Cambridge University Press},

 title = {Research Methods for Human-Computer Interaction},

 year = {2008}

}



@phdthesis{Cangiano2011,

 author = {Cangiano, Gaston R.},

 school = {University of California San Diego},

 title = {Studying Episodic Access to Personal Digital Activity: Activity Trails Prototype},

 type = {doctoral dissertation},

 year = {2011}

}



@incollection{Cangiano2009,

 address = {Berlin, Germany},

 author = {Cangiano, Gaston R. and Hollan, James D.},

 booktitle = {{Human Centered Design}},

 editor = {Kurosu, Masaaki},

 keywords = {Empirical study,Screen recording,Summarization,User behavior},

 pages = {945--954},

 publisher = {Springer-Verlag Berlin Heidelberg},

 title = {Capturing and Restoring the Context of Everyday Work: A Case Study at a Law Office},

 year = {2009}

}



@book{Card1983,

 address = {Hillsdale, NJ, USA},

 author = {Card, Stuart K and Moran, Thomas P and Newell, Allen},

 publisher = {L. Erlbaum Associates},

 title = {The Psychology of Human-Computer Interaction},

 year = {1983}

}



@inproceedings{Carpendale1997,

 author = {Carpendale, M. S. T.},

 booktitle = {{INFOVIS '97: Proceedings of the 1997 IEEE Symposium on Information Visualization}},

 title = {Considering Visual Variables as a Basis for Information Visualisation},

 year = {1997}

}



@article{Carrier2015,

 author = {Carrier, L Mark and Rosen, Larry D and Cheever, Nancy A and Lim, Alex F},

 journal = {Developmental Review},

 keywords = {Attention,Everyday multitasking,Learning,Technology},

 pages = {64--78},

 title = {Causes, effects, and practicalities of everyday multitasking},

 volume = {35},

 year = {2015}

}



@inproceedings{Cauchi2011,

 author = {Cauchi, Abigail and Curzon, Paul and Eslambolchilar, Parisa and Gimblett, Andy and Huang, Huayi and Lee, Paul and Li, Yunqiu and Masci, Paolo and Oladimeji, Patrick and Ruksenas, Rimvydas and Thimbleby, Harold},

 booktitle = {{Proceedings ACM SIGCHI Symposium on Engineering Interactive Computing Systems (EICS): Engineering Interactive Computing Systems for Medicine and Health Care}},

 number = {19},

 title = {Towards Dependable Number Entry for Medical Devices},

 year = {2011}

}



@inproceedings{Cauchi,

 author = {Cauchi, Abigail and Gimblett, Andy and Thimbleby, Harold},

 booktitle = {{BCS-HCI '12 Proceedings of the 26th Annual BCS Interaction Specialist Group Conference on People and Computers}},

 keywords = {Number entry,blocking errors,interactive systems,medical devices,stochastic simulation},

 pages = {29--38},

 title = {Safer 5-key number entry user interfaces using differential formal analysis},

 year = {2012}

}



@inproceedings{Cecchinato2016,

 author = {Cecchinato, M. E. and Sellen, Abigail J. and Shokouhi, M. and Smyth, G},

 booktitle = {{CHI 2016}},

 keywords = {Email,archiving,cross-device interaction,information retrieval,interview study,multi-device,searching},

 title = {Finding Email in a Multi-Account, Multi-Device World},

 year = {2016}

}



@phdthesis{Chan2011,

 author = {Chan, Aaron},

 number = {3901},

 pages = {1--40},

 school = {University College London},

 title = {Investigating the Effects of Using Checklists on Routine Task Performance under Different Working Memory Load Conditions},

 volume = {8167},

 year = {2011}

}



@article{Charman2001,

 author = {Charman, Suzanne C and Howes, Andrew},

 journal = {Proceedings of the Annual Meeting of the Cognitive Science Society},

 title = {The Effect of Practice on Strategy Change},

 volume = {23},

 year = {2001}

}



@article{Charman2003,

 author = {Charman, Suzanne C and Howes, Andrew},

 journal = {Journal of Experimental Psychology: Applied},

 number = {4},

 pages = {236--248},

 title = {The Adaptive User: An Investigation Into the Cognitive and Task Constraints on the Generation of New Methods},

 volume = {9},

 year = {2003}

}



@article{Chattopadhyay2016,

 author = {Chattopadhyay, Debaleena and O'Hara, Kenton P and Rintel, Sean and Rädle, Roman},

 journal = {Proceedings of the 2016 CHI Conference on Human Factors in Computing Systems},

 keywords = {audience engagement,collocated collaboration,presentation interactivity,social devices},

 pages = {2487--2491},

 title = {Office Social: Presentation Interactivity for Nearby Devices},

 year = {2016}

}



@article{Chau2008,

 author = {Chau, Duen Horng and Myers, Brad and Faulring, Andrew},

 journal = {Proceedings of the SIGCHI Conference on Human Factors in Computing Systems},

 keywords = {associative information retrieval,personal information management,user interfaces},

 pages = {999--1008},

 title = {What to Do When Search Fails : Finding Information by Association},

 year = {2008}

}



@inproceedings{Chen2010,

 author = {Chen, Kuang and Hellerstein, Joseph M. and Parikh, Tapan S},

 booktitle = {{UIST'10}},

 title = {Designing Adaptive Feedback for Improving Data Entry Accuracy},

 year = {2010}

}



@inproceedings{Cheng2015,

 address = {Seoul, Republic of Korea},

 author = {Cheng, Justin and Teevan, Jaime and Iqbal, Shamsi T. and Bernstein, Michael S},

 booktitle = {{CHI'15}},

 keywords = {Crowdsourcing,interruptions,microtasks,task breakdown},

 title = {Break It Down: A Comparison of Macro-and Microtasks},

 year = {2015}

}



@article{Chincotta1999,

 author = {Chincotta, Dino and Underwood, Geoffrey and Ghani, Kartini Abd and Papadopoulou, Eliana and Wresinski, Maja},

 journal = {The Quarterly Journal of Experimental Psychology},

 number = {2},

 pages = {325--352},

 title = {Memory Span for Arabic Numerals and Digit Words: Evidence for a Limited-capacity, Visuo-spatial Storage System},

 volume = {52},

 year = {1999}

}



@article{Christ2012,

 author = {Christ, Margaret H. and Emett, Scott a. and Summers, Scott L. and Wood, David a.},

 journal = {Contemporary Accounting Research},

 number = {2},

 pages = {432--452},

 title = {The Effects of Preventive and Detective Controls on Employee Performance and Motivation*},

 volume = {29},

 year = {2012}

}



@inproceedings{Pchungriceedu1997,

 author = {Chung, Phillip H and Byrne, Michael D},

 booktitle = {{Proceedings of the Twenty-Sixth Annual Conference of the Cognitive Science Society}},

 title = {Visual Cues to Reduce Errors in a Routine Procedural Task},

 year = {2004}

}



@inproceedings{Clawson2014,

 author = {Clawson, James and Brewster, Stephen A. and Dunlop, Mark D. and Kristensson, Per Ola and Isokoski, Poika M. and Oulasvirta, Antti and Vertanen, Keith and Waller, Annalu},

 booktitle = {{Proceedings of the extended abstracts of the 32nd annual ACM conference on Human factors in computing systems - CHI EA '14}},

 pages = {1139--1142},

 title = {The usability of text entry systems now and in the future},

 year = {2014}

}



@inproceedings{Clawson2015,

 address = {Seoul, Republic of Korea},

 author = {Clawson, James and Dunlop, Mark D.},

 booktitle = {{CHI'15 Extended Abstracts}},

 pages = {2381--2384},

 title = {Text Entry on the Edge},

 year = {2015}

}



@article{Cohen1994,

 author = {Cohen, L and Dehaene, S and Verstichel, P},

 journal = {Brain},

 keywords = {acalculia,and non-words,aphasia,as did unfamiliar numerals,dyslexia,familiar and,numbers,reading,this contrasting performance with,unfamiliar numerals seems incompatible,with any single-route,yielded qualitatively similar errors},

 pages = {267--279},

 title = {A case of deep dyslexia extending to arabic numerals},

 volume = {117},

 year = {1994}

}



@article{Colle2004,

 author = {Colle, Herbert and Hiszem, Keith},

 journal = {Ergonomics},

 keywords = {key size,number entry,touch screen},

 number = {February 2015},

 pages = {1406--1423},

 title = {Standing at a kiosk: effects of key size and spacing on touch screen numeric keypad performance and user preference.},

 volume = {47},

 year = {2004}

}



@inproceedings{Collins2014,

 author = {Collins, Emily I. M. and Cox, Anna L. and Bird, Jon and Cornish-Tresstail, Cassie},
address = {{Sydney, Australia}},
 booktitle = {{Proceedings of the 26th Australian Computer-Human Interaction Conference on Designing Futures the Future of Design (OzCHI '14)}},

 keywords = {Personal informatics tools,barriers,engagement,productivity,social networking,stress},

 pages = {370--379},

 title = {Barriers to Engagement with a Personal Informatics Productivity Tool},

 year = {2014}

}



@misc{Constine2018a,

author = {Constine, Josh},

title = {{Facebook prototypes tool to show how many minutes you spend on it}},

url = {https://techcrunch.com/2018/06/22/your-time-on-facebook/},

urldate = {2018-06-30},

year = {2018}

}



@misc{Constine2018,

author = {Constine, Josh},

title = {{Instagram CEO confirms upcoming "time spent" Usage Insights}},

url = {https://techcrunch.com/2018/05/15/instagram-usage-insights/},

urldate = {2018-05-31},

year = {2018}

}





@inproceedings{Correll2014,

 author = {Correll, Michael and Gleicher, Michael},

 booktitle = {{IEEE Transactions on Visualization and Computer Graphics}},

 title = {Error Bars Considered Harmful : Exploring Alternate Encodings for Mean and Error},

 year = {2014}

}



@article{Cox2012,

 author = {Cox, Anna L. and Cairns, Paul and Shah, Pari and Carroll, Michael},

 journal = {Proceedings of the CHI 2012},

 keywords = {challenge,games,immersion},

 pages = {79--88},

 title = {Not Doing But Thinking: The Role of Challenge in the Gaming Experience},

 year = {2012}

}



@inproceedings{Cox2016,

 address = {San Jose, CA, USA},

 author = {Cox, Anna L. and Gould, Sandy J.J. and Cecchinato, M. E. and Iacovides, Ioanna and Renfree, Ian},

 booktitle = {{CHI'16}},

 keywords = {Design frictions,lockouts,microboundaries,slow technology,wellbeing},

 title = {Design Frictions for Mindful Interactions: The Case for Microboundaries},

 year = {2016}

}



@article{Crabtree2009,

 address = {New York, New York, USA},

 author = {Crabtree, Andrew and Rodden, Tom and Tolmie, Peter and Button, Graham},

 journal = {Proceedings of the 27th international conference on Human factors in computing systems - CHI 09},

 pages = {879},

 publisher = {ACM Press},

 title = {Ethnography considered harmful},

 year = {2009}

}



@inproceedings{Cutrell2001,

 address = {Tokyo, Japan},

 author = {Cutrell, Edward and Czerwinski, Mary and Horvitz, Eric},

 booktitle = {{INTERACT '01}},

 keywords = {Notifications,divided attention,information overload,interruptions,user study},

 pages = {263--269},

 title = {Notification, Disruption, and Memory: Effects of Messaging Interruptions on Memory and Performance},

 year = {2001}

}



@inproceedings{Czerwinski2004,

 author = {Czerwinski, Mary and Horvitz, Eric and Wilhite, Susan},
address = {{Vienna, Austria}}, 
 booktitle = {{CHI '04}},

 keywords = {Multitasking,diary study,information worker,interruptions,office and workplace,task switching},

 pages = {175--182},

 title = {A Diary Study of Task Switching and Interruptions},

 year = {2004}

}



@article{Czerwinski2006,

 author = {Czerwinski, Mary and Robertson, George and Meyers, Brian and Smith, Greg and Robbins, Daniel and Tan, Desney},

 journal = {CHI '06 extended abstracts},

 keywords = {acm classification keywords,copyright is held by,information visualization,interaction,large displays,owner,s,the author},

 pages = {69},

 title = {Large display research overview},

 year = {2006}

}



@inproceedings{Czerwinski2003,

 author = {Czerwinski, Mary and Smith, Greg and Regan, Tim and Meyers, Brian and Robertson, George and Starkweather, Gary},
address = {{Zurich, Switzerland}},
 booktitle = {{INTERACT '03}},

 keywords = {20,capabilities,growing number of computer,knowledge work,large displays,multimon,multiple monitors,of multiple monitor,our,own survey research indicates,that as many as,user interface design,user study,users take advantage},

 pages = {9--16},

 title = {Toward Characterizing the Productivity Benefits of Very Large Displays},

 year = {2003}

}



@inproceedings{Dabbish2011,

 author = {Dabbish, Laura A and Mark, Gloria and Gonzalez, Victor M.},

address = {{Vancouver, Canada}},

 booktitle = {{CHI '11}},

 keywords = {Interruption,multitasking,self-interruption,task switching},

 pages = {3127--3130},

 title = {{Why Do I Keep Interrupting Myself?: Environment, Habit and Self-Interruption}},

 year = {2011}

}



@article{Das2007,

 author = {Das, Arindam and Stuerzlinger, Wolfgang},

 journal = {Proceedings of the 14th European conference on Cognitive ergonomics invent! explore! - ECCE '07},

 number = {August},

 pages = {141},

 title = {A cognitive simulation model for novice text entry on cell phone keypads},

 year = {2007}

}



@article{DeHevia2008,

 author = {de Hevia, Maria Dolores and Vallar, Giuseppe and Girelli, Luisa},

 journal = {Neuroscience and biobehavioral reviews},

 keywords = {Animals,Cognition,Eye,Humans,Mathematics,Problem Solving,Psychomotor Performance,Space Perception,Space Perception: physiology},

 month = {oct},

 number = {8},

 pages = {1361--72},

 title = {Visualizing numbers in the mind's eye: the role of visuo-spatial processes in numerical abilities.},

 volume = {32},

 year = {2008}

}



@article{DeLuca2010,

 author = {De Luca, Alexander and Langheinrich, Marc and Hussmann, Heinrich},

 journal = {Proc. SOUPS 2010},

 keywords = {atm,authentication,design implications,field study,security},

 pages = {1--10},

 title = {Towards understanding ATM security: a field study of real world ATM use},

 year = {2010}

}



@inproceedings{Dearman2008,

 address = {Florence, Italy},

 author = {Dearman, David and Pierce, Jeffrey S},

 booktitle = {{CHI '08}},

 keywords = {User study,cross device interaction,information management,multiple devices,personal,personal computing},

 pages = {767--776},

 title = {It's on my other Computer!: Computing with Multiple Devices},

 year = {2008}

}



@article{Denscombe2011,

 author = {Denscombe, Martyn},

 journal = {Journal of Mixed Methods Research},

 keywords = {communities of practice,mixed methods,pragmatism,research paradigm},

 number = {3},

 pages = {270--283},

 title = {Communities of Practice: A Research Paradigm for the Mixed Methods Approach},

 volume = {2},

 year = {2011}

}



@article{Diemand-Yauman2011,

 author = {Diemand-Yauman, Connor and Oppenheimer, Daniel M and Vaughan, Erikka B},

 journal = {Cognition},

 keywords = {Desirable difficulties,Education,Fluency},

 number = {1},

 pages = {111--115},

 title = {Fortune favors the Bold (and the Italicized): Effects of disfluency on educational outcomes},

 volume = {118},

 year = {2011}

}



@inproceedings{Dix2016,

 author = {Dix, Alan and Birmingham, B and Cowgill, Rachel and Bashford, Christina and Mcveigh, Simon and Ridgewell, Rupert},

 booktitle = {{Proceedings of the International Working Conference on Advanced Visual Interfaces - AVI '16}},

 keywords = {appropriation,digital humanities,musicology,spreadsheets},

 pages = {192--195},

 title = {Spreadsheets as User Interfaces},

 year = {2016}

}



@article{Doherty2012,

 author = {Doherty, Catherine and Mc Donnell, Conor},

 journal = {Pediatrics},

 keywords = {Analgesics,Anti-Bacterial Agents,Anti-Bacterial Agents: administration & dosage,Child,Drug Overdose,Drug Overdose: prevention & control,Emergency Service,Female,Hospital,Hospital: statistics & numerica,Hospitals,Humans,Male,Medical Order Entry Systems,Medical Order Entry Systems: statistics & numerica,Medication Errors,Medication Errors: prevention & control,Medication Errors: statistics & numerical data,Morphine,Morphine: administration & dosage,Ontario,Opioid,Opioid: administration & dosage,Patient Safety,Pediatric,Pediatric: statistics & numerical data,Retrospective Studies,Risk Factors,University,University: statistics & numerical data},

 month = {may},

 number = {5},

 pages = {916--24},

 title = {Tenfold medication errors: 5 years' experience at a university-affiliated pediatric hospital},

 volume = {129},

 year = {2012}

}



@article{Dolata2017,

 author = {Dolata, Mateusz and Schwabe, Gerhard},

 journal = {Computer Supported Cooperative Work (CSCW)},

 keywords = {Paper practices,Financial advisory encounter,Insti,affordances of paper,financial advisory encounter,institutional talk,material and textual nature,multimodality,of paper,paper practices},

 number = {4-6},

 pages = {769--805},

 publisher = {Computer Supported Cooperative Work (CSCW)},

 title = {Paper Practices in Institutional Talk: How Financial Advisors Impress their Clients},

 volume = {26},

 year = {2017}

}



@article{Donchin1995,

 author = {Donchin, Y and Gopher, D and Olin, M and Badihi, Y and Biesky, M and Sprung, C L and Pizov, R and Cotev, S},

 institution = {Department of Anesthesiology and Critical Care, Hadassah-Hebrew University Medical Center, Jerusalem, Israel.},

 journal = {Critical Care Medicine},

 number = {2},

 pages = {294--300},

 title = {A look into the nature and causes of human errors in the intensive care unit.},

 volume = {23},

 year = {1995}

}



@article{Dourish2006,

 author = {Dourish, Paul},

 journal = {CHI 2006},

 pages = {541--550},

 title = {Implications for design},

 year = {2006}

}



@incollection{Dourish2017,

 author = {Dourish, Paul},

 booktitle = {{The Stuff of Bits: An Essay on the Materialities of Information}},

 pages = {81--104},

 publisher = {MIT Press},

 title = {Spreadsheets and Spreadsheet Events in Organizational Life},

 year = {2017}

}



@inproceedings{Dragunov2005,

 author = {Dragunov, Anton N and Dietterich, Thomas G and Johnsrude, Kevin and McLaughlin, Matthew and Li, Lida and Herlocker, Jonathan L},

 booktitle = {{Proceedings of the 10th international conference on Intelligent user interfaces}},

 keywords = {activity monitoring,chine learning,knowledge management,ma-,multitasking,user interface},

 pages = {75--82},

 title = {TaskTracer: a desktop environment to support multi-tasking knowledge workers},

 year = {2005}

}



@article{Driscoll2007,

 author = {Driscoll, David L and Appiah-Yeboah, Afua and Salib, Philip and Rupert, Douglas J},

 journal = {Ecological and Environmental Anthropology},

 number = {1},

 pages = {19--28},

 title = {Merging Qualitative and Quantitative Data in Mixed Methods Research: How To and Why Not},

 volume = {3},

 year = {2007}

}



@article{Duggan2001,

 author = {Duggan, Geoffrey B and Payne, Stephen J.},

 journal = {Journal of Experimental Psychology: Applied},

 keywords = {information access cost,interleaving},

 number = {4},

 pages = {297--307},

 title = {Interleaving reading and acting while following procedural instructions},

 volume = {7},

 year = {2001}

}



@inproceedings{Dumais2003,

 address = {Toronto, Canada},

 author = {Dumais, Susan and Cutrell, Edward and Cadiz, JJ and Jancke, Gavin and Sarin, Raman and Robbins, Daniel C},

 booktitle = {{SIGIR '03}},

 keywords = {Personal information management,interactive information retrieval,user interfaces,user studies},

 pages = {28--35},

 title = {{Stuff I've Seen: A System for Personal Information Retrieval and Re-Use}},

 year = {2003}

}



@article{Eriksson2017,

 author = {Eriksson, Alexander and Stanton, Neville A.},

 journal = {Human Factors: The Journal of the Human Factors and Ergonomics Society},

 keywords = {automated driving,automation,control,driving performance,takeover requests,transitions},

 number = {4},

 pages = {689--705},

 title = {Takeover Time in Highly Automated Vehicles: Noncritical Transitions to and From Manual Control},

 volume = {59},

 year = {2017}

}



@inproceedings{Evans2012,

 address = {Austin, TX, USA},

 author = {Evans, Abigail C and Wobbrock, Jacob O.},

 booktitle = {{CHI '12}},

 keywords = {Fitts' law,Text entry,everyday,human performance,mouse pointing,“in the wild,” field studies},

 pages = {1947--1956},

 title = {Taming Wild Behavior: The Input Observer for Obtaining Text Entry and Mouse Pointing Measures from Everyday Computer Use},

 year = {2012}

}



@phdthesis{Evans2011,

 author = {Evans, Jarrett},

 school = {The Florida State University},

 title = {Breaking The Soft Constraints? Stable Performance Across Information Access Cost},

 type = {msc},

 year = {2011}

}



@article{Farmer2017,

 author = {Farmer, George D and Janssen, Christian P and Nguyen, Anh T and Brumby, Duncan P.},

 journal = {Cognitive Science},

 keywords = {Cognitive control,Multitasking,Optimization,Rational behavior,Task interleaving,Time allocation},

 pages = {1--30},

 title = {Dividing Attention Between Tasks: Testing Whether Explicit Payoff Functions Elicit Optimal Dual-Task Performance},

 year = {2017}

}



@article{Feldman2003,

 author = {Feldman, Martha S. and Pentland, Brian T.},

 journal = {Administrative Science Quarterly},

 number = {March},

 pages = {94--118},

 title = {Reconceptualizing Organizational Routines as a Source of Flexibility and Change},

 volume = {48},

 year = {2003}

}



@phdthesis{Filser,

 author = {Filser, Theresa},

 pages = {1--37},

 title = {An Empirical Investigation into the Effect of Type and Timing of Interruptions in a Routine Procedural Task}

}



@inproceedings{Fu2006,

 author = {Fu, Wai-Tat and Gonzalez, C and Healy, Alice F},

 booktitle = {{Proceedings of the Human Factors and Ergonomics Society Annual Meeting}},

 pages = {1122--1126},

 title = {Building predictive human performance models of skill acquisition in a data entry task},

 year = {2006}

}



@article{Fu2004,

 author = {Fu, Wai-Tat and Gray, Wayne D},

 journal = {Cognitive Science},

 keywords = {Adaptive choice,Cost-benefit tradeoffs,Interactive behavior,Rationality,Suboptimal performance},

 number = {6},

 pages = {901--935},

 title = {Resolving the paradox of the active user: Stable suboptimal performance in interactive tasks},

 volume = {28},

 year = {2004}

}



@phdthesis{Furniss2008,

 author = {Furniss, Dominic},

 title = {Beyond problem identification: valuing methods in a ‘system usability practice'},

 year = {2008}

}



@inproceedings{Furniss2011,

 author = {Furniss, Dominic and Back, Jonathan and Blandford, Ann},

 booktitle = {{Proc. British HCI}},

 pages = {1--7},

 title = {Unwritten Rules for Safety and Performance in an Oncology Day Care Unit: Testing the Resilience Markers Framework},

 year = {2011}

}



@article{Furniss2006,

 author = {Furniss, Dominic and Blandford, Ann},

 journal = {Ergonomics},

 keywords = {ambulance control,distributed cognition,emergency medical dispatch,hci,team working},

 number = {12 \& 13},

 pages = {1174--1203},

 title = {Understanding Emergency Medical Dispatch in terms of Distributed Cognition: a case study},

 volume = {49},

 year = {2006}

}



@inproceedings{Furniss2010,

 author = {Furniss, Dominic and Blandford, Ann},

 booktitle = {{Proceedings of CHI 2010 Workshop Bridging the Gap: Moving from Contextual Analysis to Design}},

 pages = {5--9},

 title = {DiCoT Modelling: From Analysis to Design},

 year = {2010}

}



@inproceedings{Furniss2011b,

 author = {Furniss, Dominic and Blandford, Ann and Curzon, Paul},

 booktitle = {{CHI}},

 title = {Confessions from a grounded theory PhD: Experiences and lesson learnt},

 year = {2011}

}



@article{Furniss2012,

 author = {Furniss, Dominic and Blandford, Ann and Mayer, Astrid},

 journal = {BCS HCI 2011},

 pages = {1--8},

 publisher = {Bcs},

 title = {Unremarkable errors: low-level disturbances in infusion pump use},

 year = {2012}

}



@inproceedings{Furniss2011a,

 author = {Furniss, Dominic and Blandford, Ann and Rajkomar, Atish and Vincent, Chris and Mayer, Astrid},

 booktitle = {{EICS4Med 2011}},

 keywords = {dicot,distributed cognition,infusion devices,interaction,medical devices,situated},

 title = {The visible and the invisible : Distributed Cognition for medical devices},

 year = {2011}

}



@article{Galinsky2000,

 author = {Galinsky, T L and Swanson, N G and Sauter, S L and Hurrell, J J and Schleifer, L M},

 journal = {Ergonomics},

 number = {May 2015},

 pages = {622--638},

 title = {A field study of supplementary rest breaks for data-entry operators.},

 volume = {43},

 year = {2000}

}



@article{Galletta1996,

 author = {Galletta, D.F. and Hartzel, K.S. and Johnson, S. and Joseph, J. and Rustagi, S.},

 journal = {Proceedings of HICSS-29: 29th Hawaii International Conference on System Sciences},

 pages = {336--345 vol.2},

 title = {An experimental study of spreadsheet presentation and error detection},

 year = {1996}

}



@article{Galton1880,

 author = {Galton, Francis},

 journal = {Nature},

 pages = {494--495},

 title = {Visualised Numerals},

 volume = {21},

 year = {1880}

}



@article{Garlandini2009,

 author = {Garlandini, Simone and Fabrikant, SI},

 journal = {Spatial Information Theory},

 keywords = {blindness,change,empirical studies,eye movements,geographic visualization,visual variables},

 pages = {195--211},

 title = {Evaluating the effectiveness and efficiency of visual variables for geographic information visualization},

 year = {2009}

}



@article{Georgiou2015,

 author = {Georgiou, Andrew and Makri, Stephann},

 journal = {International Journal of Information Management},

 keywords = {Design,Digital information environment,Information use,Using information},

 number = {4},

 pages = {472--489},

 publisher = {Elsevier Ltd},

 title = {How local government policy workers use information: An interview study and design recommendations},

 volume = {35},

 year = {2015}

}



@article{Gilbert2015,

 author = {Gilbert, Sam J},

 journal = {Quarterly Journal of Experimental Psychology},

 keywords = {Distributed cognition,Intentions,Internet,Metacognition,Prospective memory,Reminders},

 number = {5},

 pages = {971--992},

 title = {Strategic offloading of delayed intentions into the external environment},

 volume = {68},

 year = {2015}

}



@book{Glasserman2003,

 author = {Glasserman, P},

 publisher = {Springer},

 title = {Monte Carlo Methods in Financial Engineering},

 year = {2003}

}



@incollection{Gong2009,

 author = {Gong, Yang and Zhang, Jiajie},

 booktitle = {{Human Interface and the Management of Information. Information and Interaction}},

 keywords = {hyperlipidemia,relational data display,taxonomy},

 pages = {503--512},

 title = {Effects of Information Displays for Hyperlipidemia},

 year = {2009}

}



@inproceedings{Gonzalez2004,

 address = {Vienna, Austria},

 author = {Gonzalez, Victor M. and Mark, Gloria},

 booktitle = {{CHI '04}},

 keywords = {Time management,attention management,empirical study,information overload,interruptions},

 pages = {113--120},

 title = {{"Constant, Constant, Multi-tasking Craziness": Managing Multiple Working Spheres}},

 year = {2004}

}



@phdthesis{Gould2014,

 author = {Gould, Sandy J.J.},

 title = {What Makes an Interruption Disruptive? Understanding the Effects of Interruption Relevance and Timing on Performance},

 year = {2014}

}



@inproceedings{Gould2013a,

 author = {Gould, Sandy J.J. and Brumby, Duncan P. and Cox, Anna L.},

address = {{San Diego, CA, USA}},

 booktitle = {{Proceedings of the Human Factors and Ergonomics Society Annual Meeting}},

 pages = {149--153},

 title = {What does it mean for an interruption to be relevant? An investigation of relevance as a memory effect},

 year = {2013}

}



@inproceedings{Gould2013,

 author = {Gould, Sandy J.J. and Cox, Anna L. and Brumby, Duncan P.},

 booktitle = {{INTERACT}},

 number = {149},

 pages = {721--728},

 title = {Using Graphical Representations to Support the Calculation of Infusion Parameters},

 volume = {8120},

 year = {2013}

}



@article{Gould2016a,

 author = {Gould, Sandy J.J. and Cox, Anna L. and Brumby, Duncan P.},

 journal = {ACM Transactions on Computer-Human Interaction},

 number = {3},

 pages = {19:1--19:29},

 title = {Diminished Control in Crowdsourcing: An Investigation of Crowdworker Multitasking Behavior},

 volume = {23},

 year = {2016}

}



@inproceedings{Gould2016b,

 address = {San Jose, CA, USA},

 author = {Gould, Sandy J.J. and Cox, Anna L. and Brumby, Duncan P. and Wickersham, Alice},

 booktitle = {{CHI '16}},

 keywords = {checking,crowdsourcing,interruptions,lockouts,multitasking,naturalistic experimentation,number entry},

 pages = {3311--3323},

 title = {Now Check Your Input: Brief Task Lockouts Encourage Checking, Longer Lockouts Encourage Task Switching},

 year = {2016}

}



@article{Gould2015,

 author = {Gould, Sandy J.J. and Cox, Anna L. and Brumby, Duncan P. and Wiseman, Sarah E M},

 journal = {Human Computation},

 pages = {45--67},

 title = {Home is Where the Lab is: A Comparison of Online and Lab Data From a Time-sensitive Study of Interruption},

 year = {2015}

}



@article{Gould2016,

 author = {Gould, Sandy J.J. and Cox, Anna L. and Brumby, Duncan P. and Wiseman, Sarah E M},

 journal = {International Journal of Human-Computer Studies},

 keywords = {Data entry,Keyboard,Link shortening,Mobile,Optimization,Short links,Touchscreen,Typing},

 pages = {38--53},

 title = {Shortlinks and tiny keyboards: a systematic exploration of design trade-offs in link shortening services},

 volume = {96},

 year = {2016}

}



@article{Grainger2004,

 author = {Grainger, Jonathan and Whitney, Carol},

 journal = {Trends in cognitive sciences},

 keywords = {Association Learning,Computer Simulation,Humans,Pattern Recognition, Visual,Reading,Recognition (Psychology)},

 month = {feb},

 number = {2},

 pages = {58--9},

 title = {Does the huamn mnid raed wrods as a wlohe?},

 volume = {8},

 year = {2004}

}



@article{Grandhi2015,

 author = {Grandhi, Sukeshini A. and Jones, Quentin},

 journal = {Journal of Human Computer Studies},

 keywords = {Availability,Cell phone,Common Ground,Communication,Design,ESM,Experience Sampling,Field,Interruption,Interruptions,Management,Response,User},

 pages = {35--50},

 title = {Knock, knock! who's there? Putting the user in control of managing interruptions},

 volume = {79},

 year = {2015}

}



@article{Gray2000,

 author = {Gray, Wayne D and Boehm-Davis, Deborah A.},

 journal = {Journal of Experimental Psychology},

 keywords = {cognitive modeling,goms,microstrategies,milliseconds},

 number = {4},

 pages = {322--335},

 title = {Milliseconds Matter: An Introduction to Microstrategies and to Their Use in Describing and Predicting Interactive Behavior},

 volume = {6},

 year = {2000}

}



@article{Gray2004,

 author = {Gray, Wayne D and Fu, Wai-Tat},

 journal = {Cognitive Science},

 keywords = {Bounded rationality,Embodied cognition,Embodiment level,Eye tracking,Human-computer interaction,Information access,Interactive behavior,Interface design,Knowledge in-the-world,Rational analysis,Soft constraints},

 pages = {359--382},

 title = {Soft constraints in interactive behavior: the case of ignoring perfect knowledge in-the-world for imperfect knowledge in-the-head},

 volume = {28},

 year = {2004}

}



@article{Gray2006,

 author = {Gray, Wayne D and Sims, Chris R and Fu, Wai-Tat and Schoelles, Michael J},

 journal = {Psychological review},

 keywords = {Cognition,Humans,Interpersonal Relations,Models, Psychological,Psychological Theory,Reinforcement (Psychology),Social Behavior},

 number = {3},

 pages = {461--82},

 title = {The soft constraints hypothesis: a rational analysis approach to resource allocation for interactive behavior.},

 volume = {113},

 year = {2006}

}



@article{Green2014,

 author = {Green, Robert a and Hripcsak, George and Salmasian, Hojjat and Lazar, Eliot J and Bostwick, Susan B and Bakken, Suzanne R and Vawdrey, David K},

 journal = {Annals of emergency medicine},

 month = {dec},

 publisher = {American College of Emergency Physicians},

 title = {Intercepting Wrong-Patient Orders in a Computerized Provider Order Entry System.},

 year = {2014}

}



@inproceedings{Greis2017,

 address = {Denver, CO, USA},

 author = {Greis, Miriam and Avci, Emre and Schmidt, Albrecht and Machulla, Tonja},

 booktitle = {{Proceedings of the SIGCHI conference on Human Factors in Computing Systems (CHI '17)}},

 title = {Increasing Users' Confidence in Uncertain Data by Aggregating Data from Multiple Sources},

 year = {2017}

}



@article{Grossman2009,

 author = {Grossman, Thomas A and Ozluk, Ozgur},

 journal = {INFORMS Transactions on Education},

 keywords = {accepted,history,january 2009,july 2008,optimization,received,scenario analysis,scenarios,simulation,spreadsheets},

 number = {1},

 pages = {18--33},

 title = {A Spreadsheet Scenario Analysis Technique That Integrates with Optimization and Simulation},

 volume = {10},

 year = {2009}

}



@article{Grudin1990,

 author = {Grudin, Jonathan},

 journal = {Proceedings of the SIGCHI conference on Human factors in computing systems Empowering people - CHI '90},

 pages = {261--268},

 title = {The computer reaches out: the historical continuity of interface design},

 year = {1990}

}



@inproceedings{Grudin2001,

 address = {Seattle, WA, USA},

 author = {Grudin, Jonathan},

 booktitle = {{CHI '01}},

 keywords = {awareness,displays,multiple monitors},

 pages = {458--465},

 title = {Partitioning Digital Worlds: Focal and Peripheral Awareness in Multiple Monitor Use},

 year = {2001}

}



@article{Grundgeiger2010,

 author = {Grundgeiger, Tobias and Sanderson, Penelope M and Macdougall, Hamish G and Venkatesh, Balasubramanian},

 journal = {Journal of Experimental Psychology: Applied},

 keywords = {distributed cognition,intensive care,interruptions,memory for goals,prospective memory},

 number = {4},

 pages = {317--334},

 title = {Interruption Management in the Intensive Care Unit: Predicting Resumption Times and Assessing Distributed Support},

 volume = {16},

 year = {2010}

}



@article{Guidelines2015,

 author = {Guidelines, General and Thesis, Doctoral},

 pages = {1--3},

 title = {DOCTORAL SCHOOL PHD | EPFL General Guidelines for the Doctoral Thesis Before you begin The front page},

 year = {2015}

}



@article{Gutowitz2003,

 author = {Gutowitz, Howard},

 journal = {Proceedings of the 2003 EACL Workshop on Language Modeling for Text Entry Methods - TextEntry '03},

 pages = {33--41},

 title = {Barriers to adoption of dictionary-based text-entry methods},

 year = {2003}

}



@article{Hales2006,

 author = {Hales, Brigette M. and Pronovost, Peter J.},

 journal = {Journal of Critical Care},

 keywords = {Checklist,Error management,Performance improvement},

 pages = {231--235},

 title = {The checklist-a tool for error management and performance improvement},

 volume = {21},

 year = {2006}

}



@article{Halverson2002,

 author = {Halverson, Christine A.},

 journal = {Computer Supported Cooperative Work},

 keywords = {Activity theory,Analysis,Distributed cognition,Methodology,Theory},

 number = {1-2},

 pages = {243--267},

 title = {Activity theory and distributed cognition: Or what does CSCW need to DO with theories?},

 volume = {11},

 year = {2002}

}



@article{Haynes2009,

 author = {Haynes, Alex and Weiser, Thomas G. and Berry, William R. and Lipsitz, Sr and a-H Breizat and Dellinger, Ep and Herbosa, T and Joseph, S and Kibatala, P and Lapitan, M and Merry, a and Moorthy, K and Reznick, R and Tayler, B and Gawande, a},

 journal = {The New England Journal of Medicine},

 pages = {491--499},

 title = {A Surgical Safety Checklist to Reduce Morbidity and Mortality in a Global Population},

 volume = {360},

 year = {2009}

}



@article{HCTUnitedArabEmirates2008,

 author = {HCT United Arab Emirates},

 pages = {5--8},

 title = {Library and Learning Services},

 year = {2008}

}



@article{Healy2004,

 author = {Healy, Alice F and Kole, James a and Buck-Gengle, Carolyn J and Bourne, Lyle E},

 journal = {Journal of Experimental Psychology: Applied},

 number = {3},

 pages = {188--199},

 title = {Effects of Prolonged Work on Data Entry Speed and Accuracy},

 volume = {10},

 year = {2004}

}



@article{Hennessy2012,

 author = {Hennessy, Orla},

 pages = {1--90},

 title = {Can task performance be improved by adapting number entry interfaces to fit the task ?},

 year = {2012}

}



@article{Hermans2012,

 archiveprefix = {arXiv},

 arxivid = {1209.3517},

 author = {Hermans, Felienne and Pinzger, Martin and Deursen, Arie Van},

 eprint = {1209.3517},

 journal = {arXiv preprint arXiv:1209.3517},

 pages = {1--12},

 title = {Measuring spreadsheet formula understandability},

 year = {2012}

}



@article{Hewings2007,

 author = {Hewings, Ann and Lillis, Theresa and Mayor, Barbara},

 journal = {Writing},

 pages = {English Academic Writing},

 title = {Academic writing in English},

 year = {2007}

}



@article{Hoffmann2008,

 author = {Hoffmann, Raphael and Baudisch, Patrick and Weld, Daniel S},

 journal = {Proceedings of ACM CHI 2008 Conference on Human Factors in Computing Systems},

 pages = {929--938},

 title = {Evaluating visual cues for window switching on large screens},

 volume = {1},

 year = {2008}

}



@article{Hofmann2014,

 author = {Hofmann, Kajta and Mitra, Bhaskar and Radlinski, Filip and Shokouhi, Milad},

 journal = {Proceedings of the 23rd ACM International Conference on Conference on Information and Knowledge Management - CIKM '14},

 keywords = {evaluation,eye tracking,query auto completion},

 pages = {549--558},

 title = {An Eye-tracking Study of User Interactions with Query Auto Completion},

 year = {2014}

}



@article{Hollan2010,

 author = {Hollan, James D. and Hutchins, Edwin L},

 journal = {Designing User Friendly Augmented Work Environments},

 pages = {237--259},

 title = {Designing User Friendly Augmented Work Environments},

 year = {2010}

}



@article{Hollan2000,

 author = {Hollan, James D. and Hutchins, Edwin L and Kirsh, David},

 journal = {ACM Transactions on Computer-Human Interaction},

 keywords = {Cognitive science,distributed cognition,ethnography,human-computer interaction,research methodology},

 number = {2},

 pages = {174--196},

 title = {Distributed Cognition: Toward a New Foundation for Human-Computer Interaction Research},

 volume = {7},

 year = {2000}

}



@book{Holtzblatt2014,

 author = {Holtzblatt, Karen and Beyer, Hugh},

 editor = {Carroll, John M.},

 publisher = {Morgan \& Claypool Publishers},

 title = {Contextual Design: Evolved},

 year = {2014}

}



@inproceedings{Hoonakker2009,

 author = {Hoonakker, Peter and Bornoe, Nis and Carayon, Pascale},

 booktitle = {{Human Factors and Ergonomics Society}},

 pages = {459--463},

 title = {Password Authentication from a Human Factors Perspective: Results of a Survey among End-Users},

 volume = {53},

 year = {2009}

}



@inproceedings{Hornbæk2014,

 author = {Hornbæk, Kasper and Sander, Søren S. and Bargas-Avila, Javier and Simonsen, Jakob Grue},

 booktitle = {{CHI '14}},

 keywords = {HCI),Miscellaneous},

 title = {Is Once Enough? On the Extent and Content of Replications in Human-Computer Interaction},

 year = {2014}

}



@article{Howes2015,

 author = {Howes, Andrew and Duggan, G. B. and Kalidindi, K. and Tseng, Y-C and Lewis, Richard L.},

 journal = {Cognitive Science},

 number = {March},

 title = {Predicting Short-Term Remembering as Boundedly Optimal Strategy Choice},

 year = {2015}

}



@article{Howes2009,

 author = {Howes, Andrew and Lewis, Richard L. and Vera, Alonso},

 journal = {Psychological review},

 keywords = {bounded optimality,cognitive architecture,rational adaptation,response,theory comparison},

 number = {4},

 pages = {717--751},

 title = {Rational adaptation under task and processing constraints: implications for testing theories of cognition and action.},

 volume = {116},

 year = {2009}

}



@article{Hutchings2004,

 author = {Hutchings, Dugald Ralph and Smith, Greg and Meyers, Brian and Czerwinski, Mary and Robertson, George},

 journal = {Proceedings of the Working Conference on Advanced Visual Interfaces (AVI'04)},

 keywords = {UI logs,automation,multiple monitors,space management,user interaction,window management},

 pages = {32--39},

 title = {Display Space Usage and Window Management Operation Comparisons between Single Monitor and Multiple Monitor Users},

 year = {2004}

}



@article{Hutchins1995,

 author = {Hutchins, Edwin L},

 journal = {Cognitive Science},

 keywords = {checking,distributed cognition,external representations,information access cost},

 pages = {265--288},

 title = {How a Cockpit Remembers Its Speeds},

 volume = {19},

 year = {1995}

}



@inproceedings{Iqbal2004,

 author = {Iqbal, Shamsi T. and Bailey, Brian P},

 booktitle = {{The Grace Hopper Celebration of Women in Computing}},

 keywords = {attention management,computing,gaze,interruption overload,proactive,task modeling},

 title = {Using Eye Gaze Patterns to Identify User Tasks},

 year = {2004}

}



@inproceedings{Iqbal2005,

 address = {Portland, OR, USA},

 author = {Iqbal, Shamsi T. and Bailey, Brian P},

 booktitle = {{CHI '05}},

 keywords = {Attention,Interruption,Mental Workload,task models},

 pages = {1489--1492},

 title = {Investigating the Effectiveness of Mental Workload as a Predictor of Opportune Moments for Interruption},

 year = {2005}

}



@inproceedings{Iqbal2008,

 address = {Florence, Italy},

 author = {Iqbal, Shamsi T. and Bailey, Brian P},

 booktitle = {{CHI '08}},

 keywords = {Breakpoint,Interruption,Notification,Statistical models},

 pages = {93--102},

 title = {Effects of Intelligent Notification Management on Users and Their Tasks},

 year = {2008}

}



@inproceedings{Iqbal2007,

 address = {San Jose, CA, USA},

 author = {Iqbal, Shamsi T. and Horvitz, Eric},

 booktitle = {{CHI '07}},

 keywords = {Attention,Interruption,Notifications,Task Switching},

 pages = {677--686},

 title = {Disruption and Recovery of Computing Tasks: Field Study, Analysis, and Directions},

 year = {2007}

}



@inproceedings{Iqbal2010,

 address = {Savannah, GA, USA},

 author = {Iqbal, Shamsi T. and Horvitz, Eric},

 booktitle = {{CSCW '10}},

 pages = {27--30},

 title = {Notifications and Awareness: A Field Study of Alert Usage and Preferences},

 year = {2010}

}



@inproceedings{Janssen2010,

 author = {Janssen, Christian P and Brumby, Duncan P. and Garnett, R},

 booktitle = {{Human Factors and Ergonomics Society}},

 title = {Natural break points: Utilizing motor cues when multitasking},

 year = {2010}

}



@article{Janssen2012,

 author = {Janssen, Christian P and Gray, Wayne D},

 journal = {Cognitive Science},

 keywords = {Adaptation,Cognition,Humans,Models,Psychological,Reinforcement (Psychology),Reinforcement Schedule},

 pages = {333--358},

 title = {When, What, and How Much to Reward in Reinforcement Learning-Based Models of Cognition},

 volume = {36},

 year = {2012}

}



@article{Jarvstad2012,

 author = {Jarvstad, Andreas and Rushton, Simon K. and Warren, P. a. and Hahn, Ulrike},

 journal = {Psychological science},

 keywords = {BF Psychology,RC0321 Neuroscience. Biological psychiatry. Neurop},

 pages = {589--597},

 title = {Knowing When to Move On: Cognitive and Perceptual Decisions in Time},

 volume = {23},

 year = {2012}

}



@article{Jett2003,

 author = {Jett, Quintus R and George, Jennifer M},

 journal = {The Academy of Management Review},

 number = {3},

 pages = {494--507},

 title = {Work Interrupted: A Closer Look at the Role of Interruptions in Organizational Life The Academy of Management},

 volume = {28},

 year = {2003}

}



@inproceedings{Jin2009,

 address = {Boston, MA, USA},

 author = {Jin, Jing and Dabbish, Laura A},

 booktitle = {{CHI '09}},

 keywords = {Interruption,attention,multi-tasking,self-interruption,task switching,work fragmentation,work spheres},

 pages = {1799--1808},

 title = {Self-Interruption on the Computer: A Typology of Discretionary Task Interleaving},

 year = {2009}

}



@incollection{Joffe2012,

 author = {Joffe, Hélène},

 booktitle = {{Qualitative Research Methods in Mental Health and Psychotherapy: A Guide for Students and Practitioners}},

 editor = {Harper, D. and Thompson, A.R.},

 pages = {209--223},

 publisher = {John Wiley and Sons},

 title = {Thematic Analysis},

 year = {2012}

}



@article{Joffe2011,

 author = {Joffe, Hélène and Washer, Peter and Solberg, Christian},

 journal = {Psychology & health},

 number = {6},

 pages = {667--683},

 title = {Public engagement with emerging infectious disease: The case of MRSA in Britain.},

 volume = {26},

 year = {2011}

}



@inproceedings{Jokela2015a,

 author = {Jokela, Tero and Ojala, Jarno and Olsson, Thomas},

address = {{Seoul, Republic of Korea}}, 

 booktitle = {{CHI '15}},

 keywords = {Author's kit,Conference Publications,Guides,instructions},

 pages = {3903--3912},

 title = {{A Diary Study on Combining Multiple Information Devices in Everyday Activities and Tasks}},

 year = {2015}

}



@phdthesis{Jones2011,

 author = {Jones, Stuart},

 school = {University College London},

 title = {Snookered by an interruption ? Use a cue : The effect of visual hints on post-interruption accuracy and performance during routine procedural tasks},

 type = {msc hci-e},

 year = {2011}

}



@inproceedings{Jones2005,

 address = {Portland, OR, USA},

 author = {Jones, William and Jiranida Phuwanartnurak, Ammy and Gill, Rajdeep and Bruce, Harry},

 booktitle = {{CHI '05}},

 pages = {1505--1508},

 title = {Don't Take My Folders Away! Organizing Personal Information to Get Things Done},

 year = {2005}

}



@article{Joslyn2013,

 author = {Joslyn, Susan and Leclerc, Jared},

 journal = {Current Directions in Psychological Science},

 keywords = {decision making,each of us makes,experts,forecast,important decisions involving uncer-,moreover,risk communication,tainty in domains in,uncertainty,which we are not},

 number = {4},

 pages = {308--315},

 title = {Decisions With Uncertainty: The Glass Half Full},

 volume = {22},

 year = {2013}

}



@article{Katidioti2014,

 author = {Katidioti, Ioanna and Borst, Jelmer P. and Van Waes, Luuk},

 journal = {Journal of Experimental Psychology: Applied},

 keywords = {decision making,interruption,multitasking,pupil size},

 number = {4},

 pages = {380--396},

 title = {What Happens When We Switch Tasks: Pupil Dilation in Multitasking},

 volume = {20},

 year = {2014}

}



@article{Katidioti2013,

 author = {Katidioti, Ioanna and Taatgen, Niels A},

 journal = {Human Factors: The Journal of the Human Factors and Ergonomics Society},

 keywords = {attention,delay,human-computer interaction,interruption,multitasking,workload},

 number = {4},

 pages = {728--736},

 title = {Choice in Multitasking: How Delays in the Primary Task Turn a Rational Into an Irrational Multitasker},

 volume = {56},

 year = {2013}

}



@article{Kawado2003,

 author = {Kawado, Miyuki and Hinotsu, Shiro and Matsuyama, Yutaka and Yamaguchi, Takuhiro and Hashimoto, Shuji and Ohashi, Yasuo},

 journal = {Controlled Clinical Trials},

 keywords = {Data management,Data verification,Double data entry,Error detection rates,Quality control},

 pages = {560--569},

 title = {A comparison of error detection rates between the reading aloud method and the double data entry method},

 volume = {24},

 year = {2003}

}



@inproceedings{Kaye2014,

 author = {Kaye, Joseph Jofish and McCuistion, Mary and Gulotta, Rebecca and Shamma, David A.},

 booktitle = {{CHI '14}},

 keywords = {banking,finance,interviews,money},

 pages = {521--530},

 title = {Money talks: Tracking personal finance},

 year = {2014}

}



@article{Khoo2007,

 author = {Khoo, Christopher S G and Luyt, Brendan and Ee, Caroline and Osman, Jamila and Lim, Hui Hui and Yong, Sally},

 journal = {Information Research},

 number = {2},

 title = {How users organize electronic files on their workstations in the office environment: A preliminary study of person al information organization behaviour},

 volume = {12},

 year = {2007}

}



@article{Kientz2016,

 author = {Kientz, Julie a. and Wobbrock, Jacob O.},

 journal = {Interactions},

 pages = {38--44},

 title = {Research contributions in Human-Compiuter Interaction},

 year = {2016}

}



@article{Kim2017,

 author = {Kim, Jaejeung and Cho, Kaist Chiwoo and Lee, Kaist Uichin},

 journal = {Proc. ACM Interact. Mob. Wearable Ubiquitous Technol.},

 keywords = {Additional Key Words and Phrases,Behavior restriction,CCS Concepts,Empirical studies in HCI,Interruption management,Self-interruption,Technological coercion},

 number = {3},

 pages = {64:1--64:21},

 title = {Technology Supported Behavior Restriction for Mitigating Self-Interruptions in Multi-device Environments},

 volume = {1},

 year = {2017}

}



@inproceedings{Kim2016,

 author = {Kim, Young-Ho and Jeon, Jae Ho and Choe, Eun Kyoung and Lee, Bongshin and Kim, Kwonhyun and Seo, Jinwook},

 booktitle = {{CHI'16}},

 keywords = {Author's kit,Conference Publications,Guides,instructions},

 pages = {272--283},

 title = {TimeAware: Leveraging Framing Effects to Enhance Personal Productivity},

 year = {2016}

}



@article{Kinkeldey2014,

 author = {Kinkeldey, Christoph and Maceachren, Alan M and Schiewe, Jochen and Kinkeldey, Christoph and Maceachren, Alan M and Schiewe, Jochen},

 journal = {The Cartographic Journal},

 keywords = {evaluation,geovisualisation,information visualization,scientific visualization,uncertainty,user studies},

 number = {4},

 pages = {372--386},

 title = {How to Assess Visual Communication of Uncertainty? A Systematic Review of Geospatial Uncertainty Visualisation User Studies},

 volume = {51},

 year = {2014}

}



@article{Kirsh1995,

 author = {Kirsh, David},

 journal = {Artificial Intelligence},

 pages = {31--68},

 title = {The intelligent use of space},

 volume = {73},

 year = {1995}

}



@phdthesis{Koldijk2016,

 author = {Koldijk, Saskia Julia},

 title = {Context-Aware Support for Stress Self-Management: From Theory to Practice},

 year = {2016}

}



@article{Koppel2008,

 author = {Koppel, R and Wetterneck, T. and Telles, J. L. and Karsh, B-T},

 journal = {Journal of the American Medical Informatics Association},

 pages = {408--423},

 title = {Workarounds to Barcode Medication Administration Systems: Their Occurrences, Causes, and Threats to Patient Safety},

 volume = {15},

 year = {2008}

}



@article{Kristensson2011,

 author = {Kristensson, Per Ola and Vertanen, Keith},

 journal = {Proceedings of the Annual Conference of the International Speech Communication Association, INTERSPEECH},

 keywords = {Mobile text entry,Multimodal interfaces},

 number = {August},

 pages = {581--584},

 title = {Asynchronous multimodal text entry using speech and gesture keyboards},

 year = {2011}

}



@inproceedings{Kristensson2013,

 address = {Paris, France},

 author = {Kristensson, Per Ola and Waller, Annalu and Brewster, Stephen A. and Clawson, James and Dunlop, Mark D. and Findlater, Leah and Isokoski, Poika M. and Martin, Benoît and Oulasvirta, Antti and Vertanen, Keith},

 booktitle = {{CHI '13 Extended Abstracts on Human Factors in Computing Systems}},

 pages = {3315},

 title = {Grand challenges in text entry},

 year = {2013}

}



@article{Larkin1987,

 author = {Larkin, Jh and Simon, Ha},

 journal = {Cognitive Science},

 pages = {65--99},

 title = {Why a diagram is (sometimes) worth ten thousand words},

 volume = {99},

 year = {1987}

}



@article{Lawson2009,

 author = {Lawson, Barry R. and Baker, Kenneth R. and Powell, Stephen G. and Foster-Johnson, Lynn},

 journal = {Omega},

 keywords = {Decision-support systems,End-user computing,Information systems,MIS,Spreadsheet practices,Spreadsheets},

 number = {3},

 pages = {579--590},

 title = {A comparison of spreadsheet users with different levels of experience},

 volume = {37},

 year = {2009}

}



@inproceedings{Lazar2015,

 address = {Osaka, Japan},

 author = {Lazar, Amanda and Koehler, Christian and Tanenbaum, Joshua and Nguyen, David H},

 booktitle = {{UbiComp '15}},

 keywords = {Smart devices,personal informatics systems,self tracking,wearable devices},

 pages = {635--646},

 title = {Why We Use and Abandon Smart Devices},

 year = {2015}

}



@article{Leijten2013,

 author = {Leijten, Mariëlle and Van Waes, Luuk},

 journal = {Written Communication},

 keywords = {cognitive processes,inputlog,keystroke logging,writing research methods},

 number = {3},

 pages = {358--392},

 title = {Keystroke Logging in Writing Research: Using Inputlog to Analyze and Visualize Writing Processes},

 volume = {30},

 year = {2013}

}



@inproceedings{Leiva2015,

 author = {Leiva, Luis A and Sahami, Alireza and Catal, Alejandro and Albrecht, Henze},

 booktitle = {{CHI 2015}},

 title = {Text Entry on Tiny QWERTY Soft Keyboards},

 year = {2015}

}



@article{Lesar2002,

 author = {Lesar, Timothy S.},

 journal = {Journal of General Internal Medicine},

 keywords = {1,17,2002,3 factors related to,579,587,adverse drug events,error prevention strategies,events,j gen intern med,medication dosage forms,medication errors,prescribing errors include},

 number = {8},

 pages = {579--587},

 title = {Prescribing Errors Involving Medication Dosage Forms Frequency of Errors},

 volume = {17},

 year = {2002}

}



@incollection{Lewis1986,

 address = {Hillsdale, NJ},

 author = {Lewis, C.},

 booktitle = {{User Centered System Design}},

 editor = {Norman, Donald Arthur and Draper, S. W.},

 pages = {169--185},

 publisher = {Erlbaum},

 title = {Understanding what's happening in system interactions},

 year = {1986}

}



@article{Li2008,

 author = {Li, Simon Yau Wai and Blandford, Ann and Cairns, Paul and Young, Richard M.},

 journal = {Journal of Experimental Psychology: Applied},

 keywords = {a postcompletion error,change behind after purchasing,completion of the main,error,examples include leaving your,goal of a task,hci,human error,interruption,is a specific kind,memory,of omission,pce,postcompletion error,which occurs after the},

 number = {4},

 pages = {314--328},

 title = {The effect of interruptions on postcompletion and other procedural errors: an account based on the activation-based goal memory model.},

 volume = {14},

 year = {2008}

}



@inproceedings{Li2006,

 author = {Li, Simon Yau Wai and Cox, Anna L. and Blandford, Ann and Cairns, Paul and Young, Richard M. and Abeles, A},

 booktitle = {{Proceeding Cognitive Science Conference 2006}},

 pages = {471--476},

 title = {Further investigations into post-completion error: the effects of interruption position and duration},

 year = {2006}

}



@article{Li2015,

 author = {Li, Simon Yau Wai and Cox, Anna L. and Or, Calvin and Blandford, Ann},

 journal = {Journal of Experimental Psychology: Applied},

 title = {Dime and punishment : effect of error consequence on checking behavior}

}



@article{Li2016,

 author = {Li, Simon Yau Wai and Cox, Anna L. and Or, Calvin and Blandford, Ann},

 journal = {Applied Ergonomics},

 pages = {258--266},

 title = {Effects of monetary reward and punishment on information checking behaviour},

 volume = {53},

 year = {2016}

}



@inproceedings{Li2015,

 author = {Li, Yunqiu and Oladimeji, Patrick and Thimbleby, Harold},

 booktitle = {{CHI 2015}},

 title = {Exploring the Effect of Pre-operational Priming Intervention on Number Entry Errors},

 year = {2015}

}



@article{Lin2011,

 author = {Lin, Cheng-Jhe and Wu, Changxu},

 journal = {Ergonomics},

 keywords = {accuracy trade-off,errors,multi-tasking,numerical typing,serial reaction time,speed},

 number = {12},

 pages = {1159--1174},

 title = {Factors affecting numerical typing performance of young adults in a hear-and-type task},

 volume = {54},

 year = {2011}

}



@article{Lin2013,

 author = {Lin, Cheng-Jhe and Wu, Changxu},

 journal = {Ergonomics},

 keywords = {Adolescent,Adult,Computers,Electromyography,Feedback,Female,Forearm,Forearm: physiology,Human Engineering,Humans,Male,Reaction Time,Sensory,Task Performance and Analysis,Touch,Workload,Workload: psychology,Young Adult},

 month = {jan},

 number = {5},

 pages = {818--31},

 title = {Reactions, accuracy and response complexity of numerical typing on touch screens.},

 volume = {56},

 year = {2013}

}



@article{Lin2014,

 author = {Lin, Cheng-Jhe and Wu, Changxu},

 journal = {Behaviour & Information Technology},

 keywords = {electroencephalography,human errors,linear discriminant analysis},

 month = {sep},

 number = {November 2014},

 pages = {1--12},

 title = {Predicting numerical data entry errors by classifying EEG signals with linear discriminant analysis},

 year = {2014}

}



@article{Lipshitz1997,

 author = {Lipshitz, Raanan and Strauss, Orna},

 journal = {Organizational Behavior and Human Decision Processes},

 keywords = {decision-making,uncertainty},

 number = {2},

 pages = {149--163},

 title = {Coping with Uncertainty: A Naturalistic Decision-Making Analysis},

 volume = {69},

 year = {1997}

}



@article{Lister2007,

 author = {Lister, Raymond and Simon, Beth and Thompson, Errol and Whalley, Jacqueline L and Prasad, Christine},

 journal = {ACM SIGCSE Bulletin},

 keywords = {CS1,Novice programmers,SOLO taxonomy,comprehension},

 number = {3},

 title = {Not Seeing the Forest for the Trees : Novice Programmers and the SOLO Taxonomy},

 volume = {38},

 year = {2007}

}



@inproceedings{Liu2013,

 author = {Liu, Dongtao and Cuervo, Eduardo and Pistol, Valentin and Scudellari, Ryan and Cox, Landon P},

 booktitle = {{Proceeding of the 11th annual international conference on Mobile systems, applications, and services (MobiSys '13)}},

 keywords = {ocr,passwords,phishing,smartphone security,user interface},

 pages = {291--304},

 publisher = {ACM},

 title = {ScreenPass: Secure Password Entry on Touchscreen Devices},

 year = {2013}

}



@article{Logie2010,

 author = {Logie, R H and Law, a and Trawley, S and Nissan, J and John, Liverpool},

 journal = {Psychologica Belgica},

 keywords = {attention,behavior,executive function,interruptions,london task,performance,real-world,resources,traumatic brain-injury,valid measures},

 number = {3-4},

 pages = {309--326},

 title = {Multitasking, Working Memory and Remembering Intentions},

 volume = {50},

 year = {2010}

}



@article{Lohse1996,

 author = {Lohse, Gerald L and Johnson, Eric J},

 journal = {Organizational Behavior and Human Decision Processes},

 number = {1},

 pages = {28--43},

 title = {A comparison of two process tracing methods for choice tasks},

 volume = {68},

 year = {1996}

}



@article{Lu2011,

 author = {Lu, Cindy},

 journal = {Lecture Notes in Computer Science (including subseries Lecture Notes in Artificial Intelligence and Lecture Notes in Bioinformatics)},

 keywords = {Interaction Designs,Online Tools,Personal Finance,RIA,Rich Interactions,User Experience,Web Applications},

 pages = {375--383},

 title = {Enhanced user experience in managing personal finance},

 volume = {6764 LNCS},

 year = {2011}

}



@inproceedings{Lyngs2018,

 address = {Montreal, Canada},

 author = {Lyngs, Ulrik},

 booktitle = {{CHI '18 Extended Abstracts}},

 keywords = {Self-regulation,attention,cognitive models,distraction,non-use,self-control},

 title = {{A Cognitive Design Space for Supporting Self-Regulation of ICT Use}},

 year = {2018}

}



@misc{Lynley2018,

author = {Lynley, Matthew},

title = {{Google rolls out app time management controls}},

url = {https://techcrunch.com/2018/05/08/android-rolls-out-a-suite-of-time-management-controls-to-promote-more-healthy-app-usage/},

urldate = {2018-05-31},

year = {2018}

}



@article{MacKenzie2002,

 author = {MacKenzie, I. Scott and Soukoreff, R. William},

 journal = {Human-Computer Interaction},

 number = {May 2015},

 pages = {147--198},

 title = {Text Entry for Mobile Computing: Models and Methods,Theory and Practice},

 volume = {17},

 year = {2002}

}



@article{Mackenzie1999,

 author = {Mackenzie, I. Scott and Zhang, Shawn X. and Soukoreff, R. William},

 journal = {Behaviour & Information Technology},

 number = {4},

 pages = {235--244},

 title = {Text entry using soft keyboards},

 volume = {18},

 year = {1999}

}



@article{Maior2018,

 author = {Maior, Horia A and Wilson, Max L. and Sharples, Sarah},

 journal = {ACM Transactions on Computer-Human Interaction},

 keywords = {Mental workload,bio-feedback of workload,fNIRS,feedback,performance,physiological computing,task demand},

 number = {2},

 pages = {9:1--9:30},

 title = {Workload Alerts—Using Physiological Measures of Mental Workload to Provide Feedback During Tasks},

 volume = {25},

 year = {2018}

}



@inproceedings{Makri2007a,

 archiveprefix = {arXiv},

 arxivid = {arXiv:0706.3384v2},

 author = {Makri, Stephann},

 booktitle = {{IEEE Computer Society Bulletin of the Technical Committee on Digital Libraries}},

 eprint = {arXiv:0706.3384v2},

 keywords = {()},

 number = {3},

 pages = {552--567},

 title = {Studying Academic Lawyers' Information-Seeking to Inform the Design of Digital Law Libraries},

 volume = {3},

 year = {2007}

}



@phdthesis{Makri2008,

 author = {Makri, Stephann},

 school = {University College London},

 title = {A study of lawyers ' information behaviour leading to the},

 year = {2008}

}



@inproceedings{Makri2007,

 address = {Amsterdam, Netherlands},

 author = {Makri, Stephann and Blandford, Ann and Cox, Anna L.},

 booktitle = {{The Web Information-Seeking and Interaction Workshop 2007 (WISI2007)}},

 title = {I'll just Google it!: Should lawyers' perceptions of Google inform the design of electronic legal resources?},

 year = {2007}

}



@article{Makri2008b,

 author = {Makri, Stephann and Blandford, Ann and Cox, Anna L.},

 journal = {Information Processing and Management},

 keywords = {Attorney,Behaviour,Digital library,Ellis,HCI,Information-seeking models,Legal},

 pages = {613--634},

 title = {{Investigating the information-seeking behaviour of academic lawyers: From Ellis's model to design}},

 volume = {44},

 year = {2008}

}



@article{Makri2008a,

 archiveprefix = {arXiv},

 arxivid = {0803.1716},

 author = {Makri, Stephann and Blandford, Ann and Cox, Anna L.},

 eprint = {0803.1716},

 journal = {Journal of the American Society for Information Science and Technology},

 number = {14},

 pages = {2244--2267},

 title = {Using information behaviors to evaluate the functionality and usability of electronic resources: From Ellis's model to evaluation},

 volume = {59},

 year = {2008}

}



@inproceedings{Makri2010,

 address = {Gold Coast, Queensland, Australia},

 author = {Makri, Stephann and Blandford, Ann and Cox, Anna L.},

 booktitle = {{The ACM/IEEE Joint Conference on Digital Libraries '10}},

 keywords = {methodology,reflection,think-aloud,user study},

 pages = {21--25},

 title = {This is What I'm Doing and Why: Reflections on a Think-Aloud Study of Digital Library Users' Information Behaviour},

 year = {2010}

}



@article{Makri2011,

 author = {Makri, Stephann and Blandford, Ann and Cox, Anna L.},

 journal = {Information Processing and Management},

 keywords = {Methodology,Reflection,Think-aloud,User study},

 number = {3},

 pages = {336--348},

 publisher = {Elsevier Ltd},

 title = {This is what I'm doing and why: Methodological reflections on a naturalistic think-aloud study of interactive information behaviour},

 volume = {47},

 year = {2011}

}



@incollection{Mangen2010,

 author = {Mangen, Anne and Velay, Jean-Luc},

 booktitle = {{Advances in Haptics}},

 editor = {Zadeh, Mehrdad Hosseini},

 pages = {385--402},

 publisher = {InTech},

 title = {Digitizing literacy: reflections on the haptics of writing},

 year = {2010}

}



@inproceedings{Mark2018,

 address = {Montreal, Canada},

 author = {Mark, Gloria and Czerwinski, Mary and Iqbal, Shamsi T.},

 booktitle = {{CHI '18}},

 keywords = {Distractions,field study,focus,interruptions,multitasking,productivity,social media,workplace},

 title = {Effects of Individual Differences in Blocking Workplace Distractions},

 year = {2018}

}



@inproceedings{Mark2005,

 address = {Portland, OR, USA},

 author = {Mark, Gloria and Gonzalez, Victor M. and Harris, Justin},

 booktitle = {{CHI '05}},

 keywords = {attention management,empirical study,information overload,interruptions,multi-tasking},

 pages = {321--330},

 title = {No task left behind?},

 year = {2005}

}



@inproceedings{Mark2008,

 author = {Mark, Gloria and Gudith, Daniela and Klocke, Ulrich},

 booktitle = {{CHI'08}},

 title = {The Cost of Interrupted Work: More Speed and Stress},

 year = {2008}

}



@inproceedings{Mark2008,

 address = {Florence, Italy},

 author = {Mark, Gloria and Gudith, Daniela and Klocke, Ulrich},

 booktitle = {{CHI'08}},

 keywords = {context,experiment,interruptions,multi-tasking},

 pages = {107--110},

 title = {The Cost of Interrupted Work: More Speed and Stress},

 year = {2008}

}



@inproceedings{Mark2014a,

 address = {Baltimore, MD, USA},

 author = {Mark, Gloria and Iqbal, Shamsi T. and Czerwinski, Mary and Johns, Paul},

 booktitle = {{CSCW '14}},

 keywords = {Facebook,Mood,affect,email,face-to-face interaction,multitasking},

 pages = {1082--1094},

 title = {Capturing the Mood: Facebook and Face-to-Face Encounters in the Workplace},

 year = {2014}

}



@inproceedings{Mark2014,

 author = {Mark, Gloria and Iqbal, Shamsi T. and Czerwinski, Mary and Johns, Paul},

address = {{Toronto, Canada}},

 booktitle = {{CHI '14}},

 pages = {3025--3034},

 title = {{Bored mondays and focused afternoons: the rhythm of attention and online activity in the workplace}},

 year = {2014}

}



@inproceedings{Mark2015,

 address = {Vancouver, Canada},

 author = {Mark, Gloria and Iqbal, Shamsi T. and Czerwinski, Mary and Johns, Paul},

 booktitle = {{CSCW '15}},

 keywords = {Email,Face-to-face interaction,Facebook,distractions,interruptions,multitasking,productivity},

 pages = {903--916},

 title = {Focused, Aroused, but so Distractible: A Temporal Perspective on Multitasking and Communications},

 year = {2015}

}



@inproceedings{Mark2016a,

 address = {San Jose, CA, USA},

 author = {Mark, Gloria and Iqbal, Shamsi T. and Czerwinski, Mary and Johns, Paul and Sano, Akane},

 booktitle = {{CHI '16}},

 keywords = {Multitasking,distractions,focus,information work,multitasking,personality,productivity,sleep,stress,workplace},

 pages = {1739--1744},

 title = {Neurotics Can't Focus: An in situ Study of Online Multitasking in the Workplace},

 year = {2016}

}



@inproceedings{Mark2016,

 address = {San Jose, CA, USA},

 author = {Mark, Gloria and Iqbal, Shamsi T. and Czerwinski, Mary and Johns, Paul and Sano, Akane},

 booktitle = {{CHI'16}},

 keywords = {Email,in situ study,interruptions,productivity,sensors,stress,workplace},

 pages = {1717--1728},

 title = {Email Duration, Batching and Self-interruption: Patterns of Email Use on Productivity and Stress},

 year = {2016}

}



@inproceedings{Mark2012,

 address = {Austin, TX, USA},

 author = {Mark, Gloria and Voida, Stephen and Cardello, Armand V},

 booktitle = {{CHI '12}},

 keywords = {email,interruptions,multitasking},

 pages = {555--564},

 title = {{"A Pace Not Dictated by Electrons": An Empirical Study of Work Without Email}},

 year = {2012}

}



@inproceedings{Marshall1997,

 author = {Marshall, Catherine C and Shipman, Frank M},

 booktitle = {{Proceedings of the eighth ACM conference on Hypertext – HYPERTEXT '97}},

 keywords = {analysis,digital libraries,gathering interfaces,hypertext,information,information triage,qualitative study,spatial,viki,workspaces},

 pages = {124--133},

 title = {Spatial Hypertext and the Practice of Information Triage},

 year = {1997}

}



@inproceedings{Masci2011,

 author = {Masci, Paolo and Ruksenas, Rimvydas and Oladimeji, Patrick and Gimblett, Andy and Li, Yunqiu and Curzon, Paul},

 booktitle = {{Proceedings of the Fourth International Workshop on Formal Methods for Interactive Systems (FMIS 2011), Electronic Communications of the EASST,}},

 number = {21},

 title = {On Formalising Interactive Number Entry on Infusion Pumps},

 volume = {45},

 year = {2011}

}



@article{McCloskey1985,

 author = {McCloskey, M and Caramazza, A and Basili, A},

 journal = {Brain and cognition},

 keywords = {Acquired,Acquired: psychology,Anomia,Anomia: psychology,Aphasia,Aphasia: psychology,Brain Damage,Chronic,Chronic: psychology,Cognition Disorders,Cognition Disorders: psychology,Dyslexia,Humans,Mental Recall,Semantics},

 month = {apr},

 number = {2},

 pages = {171--96},

 title = {Cognitive mechanisms in number processing and calculation: evidence from dyscalculia.},

 volume = {4},

 year = {1985}

}



@article{McDaniel2004,

 author = {McDaniel, Mark A. and Einstein, Gilles O. and Graham, Thomas and Rall, Erica},

 journal = {Applied Cognitive Psychology},

 number = {5},

 pages = {533--547},

 title = {Delaying execution of intentions: Overcoming the costs of interruptions},

 volume = {18},

 year = {2004}

}



@inproceedings{McGill2001,

 address = {Toronto, Canada},

 author = {McGill, T.J. and Dixon, M.W.},

 booktitle = {{Managing Information Technology in a Global Economy: 2001 IRMA International Conference}},

 pages = {20--23},

 title = {Spreadsheet knowledge: An exploratory study},

 year = {2001}

}



@article{McGill2005,

 author = {McGill, Tanya J. and Klobas, Jane E.},

 journal = {Decision Support Systems},

 keywords = {End user computing,End user development,Spreadsheet knowledge,User-developed application success},

 number = {3},

 pages = {355--369},

 title = {The role of spreadsheet knowledge in user-developed application success},

 volume = {39},

 year = {2005}

}



@article{Mcknight2008,

 author = {Mcknight, Joseph and Doherty, Gavin},

 journal = {Evolution},

 pages = {35--38},

 title = {Distributed Cognition and Mobile Healthcare Work},

 year = {2008}

}



@article{Miller1956,

 author = {Miller, George Armitage},

 journal = {Psychological Review},

 pages = {81--97},

 title = {The Magical Number Seven, Plus or Minus Two},

 volume = {63},

 year = {1956}

}



@article{Moeller2012,

 author = {Moeller, Korbinian and Klein, Elise and Nuerk, Hans-Christoph and Cohen Kadosh, Roi},

 journal = {Frontiers in psychology},

 keywords = {abstract,non-symbolic,notation-dependent,number magnitude representation,number magnitude representation, symbolic/non-symb,symbolic},

 month = {jan},

 number = {June},

 pages = {191},

 title = {A unitary or multiple representations of numerical magnitude? - the case of structure in symbolic and non-symbolic quantities.},

 volume = {3},

 year = {2012}

}



@article{Monk2008,

 author = {Monk, Christopher A. and Trafton, J. Gregory and Boehm-Davis, Deborah A.},

 journal = {Journal of Experimental Psychology: Applied},

 keywords = {goals,interleaved tasks,interruption,memory},

 number = {4},

 pages = {299--313},

 title = {The Effect of Interruption Duration and Demand on Resuming Suspended Goals},

 volume = {14},

 year = {2008}

}



@inproceedings{Morgan2010,

 author = {Morgan, Phillip L. and Patrick, John},

 booktitle = {{Proceedings of the Human Factors and Ergonomics Society Annual Meeting}},

 pages = {408--412},

 title = {Designing Interfaces that Encourage a More Effortful Cognitive Strategy},

 volume = {54},

 year = {2010}

}



@article{Morgan2012,

 author = {Morgan, Phillip L. and Patrick, John},

 journal = {The Quarterly Journal of Experimental Psychology},

 keywords = {Access cost,Interruption,Memory for goals,Planning,Problem solving,Soft constraints},

 number = {1},

 pages = {160--178},

 title = {Paying the price works: Increasing goal-state access cost improves problem solving and mitigates the effect of interruption},

 volume = {66},

 year = {2012}

}



@article{Morgan2009,

 author = {Morgan, Phillip L. and Patrick, John and Waldron, Samuel M. and King, Sophia L and Patrick, Tanya},

 journal = {Journal of Experimental Psychology: Applied},

 keywords = {information access cost,interruption,memory,soft constraints hypothesis},

 number = {4},

 pages = {291--306},

 title = {Improving Memory after Interruption: Exploiting Soft Constraints and Manipulating Information Access Cost},

 volume = {15},

 year = {2009}

}



@incollection{Morgan2007,

 address = {Berlin, Germany},

 author = {Morgan, Phillip L. and Waldron, Samuel M. and King, Sophia L and Patrick, John},

 booktitle = {{Human Interface and the Management of Information. Methods, Techniques and Tools in Information Design}},

 editor = {Smith, M.J. and Salvendy, G.},

 keywords = {information access cost (IAC),interface design,learning,memory,problem solving},

 pages = {115--125},

 publisher = {Springer-Verlag Berlin Heidelberg},

 title = {Harder to Access, Better Performance? The Effects of Information Access Cost on Strategy and Performance},

 year = {2007}

}



@inproceedings{Morris2010,

 author = {Morris, Meredith Ringel and Teevan, Jaime and Panovich, Katrina},

 booktitle = {{Proceedings of the Fourth International AAAI Conference on Weblogs and Social Media A (ICWSM)}},

 keywords = {information needs,information search,information seeking,social networks},

 pages = {291--294},

 title = {A comparison of information seeking using search engines and social networks},

 year = {2010}

}



@article{Mueller2014,

 author = {Mueller, Pam a and Oppenheimer, Daniel M},

 journal = {Psychological science},

 keywords = {11,13,14,16,academic achievement,cognitive processes,educational psychology,in classrooms is controversial,many,memory,received 5,revision accepted 1,the use of laptops},

 month = {apr},

 number = {6},

 pages = {1159--1168},

 title = {The Pen Is Mightier Than the Keyboard: Advantages of Longhand Over Laptop Note Taking.},

 volume = {25},

 year = {2014}

}



@article{Murphy2016a,

 author = {Murphy, Hilary Catherine and Chen, Meng-Mei},

 journal = {Journal of Travel Research},

 keywords = {hotel booking,information search,information sources,multiple devices,recall,relevance,social media},

 month = {apr},

 number = {4},

 pages = {23--536},

 publisher = {SAGE PublicationsSage CA: Los Angeles, CA},

 title = {Online Information Sources Used in Hotel Bookings: Examining Relevance and Recall},

 volume = {55},

 year = {2016}

}



@article{Murphy2016,

 author = {Murphy, Hilary Catherine and Chen, Meng-Mei and Cossutta, Mathieu},

 journal = {Tourism Management},

 pages = {44--51},

 title = {An investigation of multiple devices and information sources used in the hotel booking process},

 volume = {52},

 year = {2016}

}



@inproceedings{Nacenta2012,

 author = {Nacenta, Miguel and Hinrichs, Uta and Carpendale, Sheelagh},

 booktitle = {{AVI 2012}},

 keywords = {a,and,b,babylonian,figure 1,hindu-arabic numerals,information visualization,numerals,roman,s,the unary,top to bottom,typography,u},

 title = {FatFonts : Combining the Symbolic and Visual Aspects of Numbers},

 year = {2012}

}



@inproceedings{Nakata2014,

 author = {Nakata, Toru},

 booktitle = {{Proceedings of International Symposium on Interaction Design and Human Factors}},

 title = {Improving Human Reliability On Checking},

 year = {2014}

}



@article{Namec,

 author = {Name, Author and Address, Affiliation},

 keywords = {a semi-colon,acm classification keywords,but,included in your final,optional section to be,should be separated by,strongly encouraged,version},

 pages = {1--3},

 title = {SIGCHI Conference Proceedings Format}

}



@article{Name,

 author = {Name, Author and Address, Affiliation},

 title = {Ask and I'll Tell You : Involving Children with Severe Speech and Physical Impairments in the Evaluation of Communication Devices}

}



@inproceedings{Nameb,

 author = {Name, Author and Address, Affiliation},

 pages = {8--11},

 title = {Visual Grouping in Menu Interfaces}

}



@phdthesis{Neate2017,

 author = {Neate, Timothy},

 school = {Swansea University},

 title = {Understanding and Designing Attention for Dual-Screen Media Submitted in ful lment of the requirements},

 type = {phd thesis},

 year = {2017}

}



@article{Neath2003,

 author = {Neath, Ian and Bireta, Tamra J and Surprenant, Aimée M},

 journal = {Psychonomic bulletin & review},

 keywords = {Humans,Mental Recall,Phonetics,Speech,Vocabulary},

 number = {2},

 pages = {430--4},

 title = {The time-based word length effect and stimulus set specificity.},

 volume = {10},

 year = {2003}

}



@phdthesis{Nicolaides2014,

 author = {Nicolaides, Robert},

 school = {University College London},

 title = {Understanding human values in banking technology},

 type = {msc},

 year = {2014}

}



@article{Nicolau2014,

 author = {Nicolau, Hugo and Guerreiro, Tiago and Lucas, David and Jorge, Joaquim},

 journal = {Universal Access in the Information Society},

 keywords = {Assistive technology,Mobile,Pre-attentive,Text-entry},

 number = {3},

 pages = {291--301},

 title = {Mobile text-entry and visual demands: Reusing and optimizing current solutions},

 volume = {13},

 year = {2014}

}



@inproceedings{Nielsen1993,

 address = {New York, New York, USA},

 author = {Nielsen, J. and Phillips, V.},

 booktitle = {{Proceedings of the SIGCHI conference on Human factors in computing systems}},

 pages = {214--221},

 title = {Estimating the Relative Usability of Two Interfaces : Heuristic , Formal , and Empirical Methods Compared},

 year = {1993}

}



@article{Nordby2002,

 author = {Nordby, Knut and Kj$\epsilon$drsti Raanaas, Ruth and Magnussen, Svein},

 journal = {Behaviour & Information Technology},

 keywords = {*Memory,*Numbers (Numerals),*Recall (Learning),*Serial Position Effect,*Stimulus Presentation Methods,Auditory Stimulation,Human Information Storage,Telephone Systems,Visual Stimulation},

 number = {1},

 pages = {27--38},

 title = {The expanding telephone number part 1: Keying briefly presented multiple-digit numbers.},

 volume = {21},

 year = {2002}

}



@article{Norman1993,

 author = {Norman, Donald Arthur},

 journal = {Cognitive Science},

 pages = {1--6},

 title = {Cognition in the Head and in the World : An Introduction to the Special Issue on Situated Action Cognition in the Head and in the World : An Introduction to the Special Issue on Situated Action},

 volume = {17},

 year = {1993}

}



@article{OHara1998,

 author = {O'Hara, Kenton P and Payne, Stephen J.},

 journal = {Cognitive Psychology},

 pages = {34--70},

 title = {The effects of Operator Implementation Cost on Planfulness of Problem Solving and Learning},

 volume = {35},

 year = {1998}

}



@article{OHara2002,

 author = {O'Hara, Kenton P and Taylor, Alex and Newman, William and Sellen, Abigail J.},

 journal = {Int. J. Human-Computer Studies},

 keywords = {distributed cognition,ebooks 1 General introduction,information sources,looking up information,materiality,multiple sources,paper versus screen,reading,writing},

 pages = {269--305},

 title = {Understanding the materiality of writing from multiple sources},

 volume = {56},

 year = {2002}

}



@article{Ogata2005,

 author = {Ogata, Jun and Goto, Masataka},

 journal = {Proceedings of Interspeech 2005},

 pages = {133--136},

 title = {Speech repair: Quick error correction just by using selection operation for speech input interfaces},

 year = {2005}

}



@article{Oh2014,

 author = {Oh, Hyungseok and Jo, Seongsik and Myung, Rohae},

 journal = {International Journal of Industrial Ergonomics},

 keywords = {ACT-R,Cognitive architecture,Eye-head coordination,Gaze control model,Human performance,Multiple monitor environments},

 number = {6},

 pages = {857--865},

 publisher = {Elsevier Ltd},

 title = {Computational modeling of human performance in multiple monitor environments with ACT-R cognitive architecture},

 volume = {44},

 year = {2014}

}



@inproceedings{Oladimeji2012,

 address = {New York},

 author = {Oladimeji, Patrick},

 booktitle = {{Proceedings of the 2012 Symposium on Engineering Interactive Computing Systems (EICS'12)}},

 keywords = {User interfaces,data entry,number entry,safety critical design.},

 number = {86},

 pages = {329--332},

 publisher = {ACM},

 title = {Towards Safer Number Entry in Interactive Medical Devices},

 year = {2012}

}



@inproceedings{Oladimeji2011,

 author = {Oladimeji, Patrick and Thimbleby, Harold and Cox, Anna L.},

address = {{Lisbon, Portugal}},

 booktitle = {{INTERACT '11}},

 keywords = {data entry,error detection,number entry},

 pages = {178--185},

 title = {Number Entry Interfaces and Their Effects on Error Detection},

 year = {2011}

}



@inproceedings{Oladimeji2013,

 author = {Oladimeji, Patrick and Thimbleby, Harold and Cox, Anna L.},

address = {{Cape Town, South Africa}},

 booktitle = {{INTERACT '13}},

 pages = {365--382},

 title = {A Performance Review of Number Entry Interfaces},

 year = {2013}

}



@article{Olsen2008,

 author = {Olsen, Kai A.},

 journal = {Computer},

 keywords = {Banking,Computing profession,Error analysis,Online banking,Programming profession,Software systems,User interfaces},

 title = {The \$100,000 keying error},

 volume = {41},

 year = {2008}

}



@inproceedings{Olsen2008,

 author = {Olsen, Kai A.},

 booktitle = {{Proceedings of the Norsk Informatikkonferanse}},

 title = {Customer Errors in Internet Banking},

 year = {2008}

}



@article{Onwuegbuzie2008,

 author = {Onwuegbuzie, Anthony J. and Dickinson, Wendy B.},

 journal = {The Qualitative Report},

 number = {2},

 pages = {204--225},

 title = {Mixed Methods Analysis and Information Visualization: Graphical Display for Effective Communication of Research Results},

 volume = {13},

 year = {2008}

}



@article{OpenScienceCollaboration2015,

 author = {Open Science Collaboration},

 journal = {Science},

 number = {6251},

 pages = {aac4716--aac4716},

 title = {Estimating the reproducibility of psychological science},

 volume = {349},

 year = {2015}

}



@article{Oppenheimer2008,

 author = {Oppenheimer, Daniel M},

 journal = {Trends in cognitive sciences},

 keywords = {Adaptation,Choice Behavior,Choice Behavior: physiology,Cognition,Cognition: physiology,Cues,Humans,Judgment,Judgment: physiology,Memory,Memory: physiology,Models,Perception,Perception: physiology,Psychological,Psychological: physiology,Thinking,Thinking: physiology},

 month = {jun},

 number = {6},

 pages = {237--41},

 title = {The secret life of fluency.},

 volume = {12},

 year = {2008}

}



@article{Oulasvirta2016,

 author = {Oulasvirta, Antti and Hornbæk, Kasper},

 title = {HCI Research as Problem-Solving},

 year = {2016}

}



@inproceedings{Oulasvirta2007,

 address = {San Jose, California, USA},

 author = {Oulasvirta, Antti and Sumari, Lauri},

 booktitle = {{CHI '07}},

 keywords = {Multiple devices,information management,information work,mobile information work,multiple sources,personal information management,synchronization,user strategies},

 pages = {1127--1136},

 title = {Mobile Kits and Laptop Trays : Managing Multiple Devices in Mobile Information Work},

 year = {2007}

}



@book{Pang2016,

 author = {Pang, Alex Soojung-Kim},

 publisher = {Penguin},

 title = {Rest: Why You Get More Done When You Work Less},

 year = {2016}

}



@article{Panko2000,

 author = {Panko, R.R.},

 journal = {Proc. European Spreadsheet Risks Int. Grp. (EuSpRIG)},

 keywords = {Human-Computer Interaction,Software Engineering},

 pages = {9},

 title = {Spreadsheet Errors: What We Know. What We Think We Can Do},

 year = {2000}

}



@inproceedings{Patrick2014,

 author = {Patrick, John and Morgan, Phillip L. and Tiley, Leyanne and Smy, Victoria and Seeby, Helen},

address = {{Heraklion, Crete, Greece}}, 

 booktitle = {{International Conference on Engineering Psychology and Cognitive Ergonomics}},

 keywords = {information access cost,interruption,memory,planning,problem solving,soft constraints,strategy,transfer},

 pages = {255--264},

 title = {Designing the Interface to Encourage More Cognitive Processing},

 year = {2014}

}



@article{Payne2001,

 author = {Payne, S. J. and Howes, Andrew and Reader, W. R.},

 journal = {Behaviour & Information Technology},

 number = {5},

 pages = {339--346},

 title = {Adaptively distributing cognition: a decision-making perspective on human-computer interaction},

 volume = {20},

 year = {2001}

}



@book{Payne2013,

 author = {Payne, Stephen J. and Howes, Andrew},

 edition = {1st},

 publisher = {Morgan \& Claypool Publishers},

 title = {Adaptive Interaction: A Utility Maximization Approach to Understanding Human Interaction with Technology},

 year = {2013}

}



@inproceedings{Pielot2017,

 author = {Pielot, Martin and Rello, Luz},

 booktitle = {{MobileHCI}},

 keywords = {Deprivation Study,Mobile Devices,Notifications,design intervention,interruptions,notifications},

 title = {Productive, Anxious, Lonely - 24 Hours Without Push Notifications},

 year = {2017}

}



@article{Plath1970,

 author = {Plath, D. W.},

 journal = {The Journal of the Human Factors and Ergonomics Society},

 number = {5},

 pages = {493--497},

 title = {The Readability of Segmented and Conventional Numerals},

 volume = {12},

 year = {1970}

}



@article{Plodowski2003,

 author = {Plodowski, Anna and Swainson, Rachel and Jackson, Georgina M. and Rorden, Chris and Jackson, Stephen R.},

 journal = {Current Biology},

 month = {dec},

 number = {23},

 pages = {2045--2050},

 title = {Mental Representation of Number in Different Numerical Forms},

 volume = {13},

 year = {2003}

}



@article{Potts2017,

 author = {Potts, Cory Adam and Pastel, Stefan and Rosenbaum, David A.},

 journal = {Attention, Perception, \& Psychophysics},

 keywords = {Counting,Decision-making,Effort,Motor control,Perception and action,Reaching,Walking},

 number = {2},

 pages = {500--511},

 title = {How are cognitive and physical difficulty compared?},

 volume = {80},

 year = {2017}

}



@article{Raanaas2002,

 author = {Raanaas, R K and Nordby, Knut and Magnussen, Svein},

 journal = {Behaviour & Information Technology},

 keywords = {2,ACCOUNT,AD,AGE,Aging,Attention,CAPACITY,COMPREHENSION,Cognition,Communication,DECLINE,DESIGN,ENHANCEMENT,England,FREE-RECALL,INFORMATION,Light,MEMORIES,MEMORY PERFORMANCE,Memory,NUMBER,PERFORMANCE,RECOGNITION,Recall,SKILL,SPEED,Speech,Students,TASK,Telephone,Time,Universities,WORKING-MEMORY,YOUNG,YOUNGER,auditory,modality,motor,visual},

 number = {1},

 pages = {39--45},

 title = {The expanding telephone number - Part 2: Age variations in immediate memory for multiple-digit numbers},

 volume = {21},

 year = {2002}

}



@article{Rajkomar2012a,

 author = {Rajkomar, Atish and Blandford, Ann},

 journal = {Journal of Biomedical Informatics},

 number = {3},

 pages = {580--590},

 title = {Understanding infusion administration in the ICU through Distributed Cognition},

 volume = {45},

 year = {2012}

}



@article{Rajkomar2015,

 author = {Rajkomar, Atish and Mayer, Astrid and Blandford, Ann},

 journal = {Journal of Biomedical Informatics},

 keywords = {Distributed cognition,Ethnography,Home hemodialysis,Interaction design,Patient experience,Safety-critical system},

 pages = {179--194},

 title = {Understanding safety-critical interactions with a home medical device through Distributed Cognition},

 volume = {56},

 year = {2015}

}



@incollection{Randall2014,

 address = {Aarhus, Denmark},

 author = {Randall, Dave and Rouncefield, Mark},

 booktitle = {{The Encyclopedia of Human-Computer Interaction}},

 edition = {2},

 editor = {Soegaard, Mads and Dam, Rikke Friis},

 publisher = {The Interaction Design Foundation},

 title = {Ethnography},

 year = {2014}

}



@inproceedings{Ratwani2008,

 author = {Ratwani, Raj M. and McCurry, J. Malcolm and Trafton, J. Gregory},

 booktitle = {{Proceedings of the 26th SIGCHI Conference on Human Factors in Computing Systems}},

 keywords = {Errors,Eye tracking,Interruptions},

 pages = {539--542},

 title = {Predicting postcompletion errors using eye movements},

 year = {2008}

}



@article{Ratwani2006,

 author = {Ratwani, Raj M. and Trafton, J. Gregory},

 journal = {Proceedings of the 28th Annual Conference of the Cognitive Science Society},

 title = {Now, where was I? Examining the Perceptual Processes while Resuming an Interrupted Task},

 year = {2006}

}



@article{Ratwani2011,

 author = {Ratwani, Raj M. and Trafton, J. Gregory},

 journal = {Human-Computer Interaction},

 number = {3},

 pages = {205--245},

 title = {A Real-Time Eye Tracking System for Predicting and Preventing Postcompletion Errors},

 volume = {26},

 year = {2011}

}



@article{Rayner2015,

 author = {Rayner, Keith and White, Sarah J and Johnson, Rebecca L and Liversedge, Simon P},

 journal = {Psychological science},

 number = {3},

 title = {Raeding Wrods With Jubmled Lettres There Is a Cost},

 volume = {17},

 year = {2006}

}



@book{Reason1990,

 author = {Reason, James},

 publisher = {Cambridge University Press},

 title = {Human Error},

 year = {1990}

}



@inproceedings{Reddy2002,

 address = {New Orleans, LA, USA},

 author = {Reddy, Madhu and Dourish, Paul},

 booktitle = {{CSCW '02}},

 keywords = {information seeking,medical work,rhythms},

 pages = {344--353},

 title = {A Finger on the Pulse: Temporal Rhythms and Information Seeking in Medical Work},

 year = {2002}

}



@article{Revlin2013,

 author = {Revlin, Russell},

 journal = {Cognition: Theory and Practice},

 pages = {118--149},

 title = {Short-Term Memory and Working Memory},

 year = {2013}

}



@inproceedings{Can2015,

 author = {Reyal, Shyam and Zhai, Shumin and Kristensson, Per Ola},

 booktitle = {{CHI 2015}},

 pages = {679--688},

 title = {Performance and User Experience of Touchscreen and Gesture Keyboards in a Lab Setting and in the Wild},

 year = {2015}

}



@article{Robertson2005,

 author = {Robertson, George and Czerwinski, Mary and Baudisch, Patrick and Meyers, Brian and Robbins, Daniel and Smith, Greg and Tan, Desney},

 journal = {IEEE Computer Graphics and Applications},

 number = {4},

 pages = {44--51},

 title = {The Large-Display User Experience},

 volume = {25},

 year = {2005}

}



@article{Rodd2004,

 author = {Rodd, Jennifer M},

 journal = {Psychonomic Bulletin & Review},

 number = {3},

 pages = {434--439},

 title = {When do leotards get their spots ? Semantic activation of lexical neighbors in visual word recognition},

 volume = {11},

 year = {2004}

}



@article{Rogers2011,

 author = {Rogers, Y},

 journal = {interactions},

 number = {4},

 pages = {58--62},

 title = {Interaction design gone wild: striving for wild theory},

 volume = {18},

 year = {2011}

}



@article{Rooksby2013,

 author = {Rooksby, John},

 journal = {ACM Transactions on Computer-Human Interaction},

 number = {3},

 pages = {1--17},

 title = {Wild in the Laboratory : A Discussion of Plans and Situated Actions},

 volume = {20},

 year = {2013}

}



@article{Rothermel2001,

 author = {Rothermel, Gregg and Burnett, Margaret and Li, Lixin and Dupuis, Christopher and Sheretov, Andrei},

 journal = {ACM Transactions on Software Engineering and Methodology},

 number = {1},

 pages = {110--147},

 title = {A methodology for testing spreadsheets},

 volume = {10},

 year = {2001}

}



@article{Ruk2013,

 author = {Ruk, Rimvydas and Curzon, Paul and Blandford, Ann and Back, Jonathan},

 journal = {Formal aspects of computing},

 number = {152},

 title = {Combining Human Error Verification and Timing Analysis : A Case Study on an Infusion Pump},

 year = {2013}

}



@inproceedings{Rule2015,

 address = {Pasadena, CA, USA},

 author = {Rule, Adam and Tabard, Aurélien and Boyd, Karen and Hollan, James D.},

 booktitle = {{Proceedings of the 37th Annual Meeting of the Cognitive Science Society}},

 keywords = {activity-based computing,in the wild,interleaving,interruptions,memory,qualitative,screen recording,self-interruptions,thumbnails},

 pages = {2045--2050},

 title = {Restoring the Context of Interrupted Work with Desktop Thumbnails},

 year = {2015}

}



@inproceedings{Rule2013,

 address = {San Diego, CA, USA},

 author = {Rule, Adam and Youngstrom, Kendall},

 booktitle = {{COGS-230 '13}},

 keywords = {about not only what,an open one,but also why and,can help people remember,fine details,how,ings of past work,interleaving,qualitative,recall,research has shown that,screen recording,they were doing,viewing screen record-,workplace},

 title = {That Reminds Me: Identifying Elements of Screen Recordings that Cue Contextual Memory},

 year = {2013}

}



@techreport{Rzeszotarski2013,

 author = {Rzeszotarski, Jeffrey M and Chi, Ed and Paritosh, Praveen and Dai, Peng},

 booktitle = {{Human Computation and Crowdsourcing:Works in Progress and Demonstration Abstracts AAAI Technical Report CR-13-01}},

 keywords = {AAAI Technical Report CR-13-01},

 pages = {62--63},

 title = {Inserting Micro-Breaks into Crowdsourcing Workflows},

 year = {2013}

}



@inproceedings{Rzeszotarski2011,

 author = {Rzeszotarski, Jeffrey M and Kittur, Aniket},

 booktitle = {{UIST'11}},

 keywords = {crowdsourcing,event log-,ging,mechanical turk,performance,user behavior,user logging},

 pages = {13--22},

 title = {Instrumenting the Crowd : Using Implicit Behavioral Measures to Predict Task Performance},

 year = {2011}

}



@article{Sacha2016,

 author = {Sacha, Dominik and Senaratne, Hansi and Kwon, Bum Chul and Ellis, Geoffrey and Keim, Daniel A.},

 journal = {IEEE Transactions on Visualization and Computer Graphics},

 keywords = {Human Factors,Knowledge Generation,Trust Building,Uncertainty,Uncertainty Measures and Propagation,Visual Analytics,trust,visualization},

 number = {1},

 pages = {240--249},

 title = {The Role of Uncertainty, Awareness, and Trust in Visual Analytics},

 volume = {22},

 year = {2016}

}



@inproceedings{Salovaara2017,

 address = {Denver, CO, USA},

 author = {Salovaara, Antti and Oulasvirta, Antti and Jacucci, Giulio},

 booktitle = {{Proceedings of the 2017 CHI Conference on Human Factors in Computing Systems - CHI '17}},

 keywords = {Evaluation methodology,Experiments,Field trials,Future,Prototypes,Usability studies},

 title = {Evaluation of Prototypes and the Problem of Possible Futures},

 year = {2017}

}



@article{Salthouse1986,

 author = {Salthouse, T. A.},

 journal = {Psychological bulletin},

 number = {3},

 pages = {303--319},

 title = {Perceptual, cognitive, and motoric aspects of transcription typing},

 volume = {99},

 year = {1986}

}



@inproceedings{Salvucci2010,

 address = {Atlanta, GA, USA},

 author = {Salvucci, Dario D and Bogunovich, Peter},

 booktitle = {{CHI '10}},

 title = {{Multitasking and Monotasking: The Effects of Mental Workload on Deferred Task Interruptions}},

 year = {2010}


}



@inproceedings{Salvucci2010a,

 address = {Atlanta, GA, USA},

 author = {Salvucci, Dario D and Bogunovich, Peter},

 booktitle = {{CHI '10}},

 title = {Multitasking and Monotasking: The Effects of Mental Workload on Deferred Task Interruptions},

 year = {2010}

}



@article{Sanderson2013,

 author = {Sanderson, Kristin R. and Bruk-Lee, Valentina and Viswesvaran, Chockalingam and Gutierrez, Sara and Kantrowitz, Tracy},

 journal = {Journal of Occupational and Organizational Psychology},

 number = {4},

 pages = {556--563},

 title = {Multitasking: Do preference and ability interact to predict performance at work?},

 volume = {86},

 year = {2013}

}



@incollection{Sandnes2013,

 author = {Sandnes, Frode Eika},

 booktitle = {{Universal Access in Human-Computer Interaction. User and Context Diversity}},

 pages = {614--623},

 publisher = {Springer-Verlag},

 title = {An Error Tolerant Memory Aid for Reduced Cognitive Load in Number Copying Tasks},

 year = {2013}

}



@article{Sasangohar2012,

 author = {Sasangohar, F. and Donmez, B. and Trbovich, P. and Easty, A. C.},

 journal = {Proceedings of the Human Factors and Ergonomics Society Annual Meeting},

 month = {oct},

 number = {1},

 pages = {824--828},

 title = {Not All Interruptions are Created Equal: Positive Interruptions in Healthcare},

 volume = {56},

 year = {2012}

}



@book{Savage2002,

 author = {Savage, Sam},

 booktitle = {{Harvard Business Review}},

 keywords = {BOOKS -- Reviews,FLAW of Averages: Why We Underestimate Risk in the,NONFICTION,RISK management,SAVAGE, Sam L.},

 number = {11},

 pages = {20},

 publisher = {Wiley Press},

 title = {The flaw of averages},

 volume = {80},

 year = {2002}

}



@book{Savage2010,

 author = {Savage, Sam},

 publisher = {Wiley Press},

 title = {The Flaw of Averages: Why We Underestimate Risk in the Face of Uncertainty},

 year = {2010}

}



@inproceedings{Schmidt2016,

 address = {Trento, Italy},

 author = {Schmidt, Kjeld and Bansler, Jorgen P.},

 booktitle = {{COOP 2016: Proceedings of the 12th International Conference on the Design of Cooperative Systems}},

 editor = {De Angeli, A. and Bannon, P. Marti and Bordin, S.},

 pages = {23--27},

 publisher = {Springer},

 title = {Computational artifacts: interactive and collaborative computing as an integral feature of work practice},

 year = {2016}

}



@article{Schraagen2013,

 author = {Schraagen, Jan Maarten and Verhoeven, Fenne},

 journal = {Journal of biomedical informatics},

 keywords = {Cognition,Equipment and Supplies,Humans,Infusion Pumps,User-Computer Interface},

 month = {mar},

 number = {1},

 pages = {181--95},

 title = {Methods for studying medical device technology and practitioner cognition: the case of user-interface issues with infusion pumps.},

 volume = {46},

 year = {2013}

}



@article{Sellberg2014,

 author = {Sellberg, Charlott and Susi, Tarja},

 journal = {Cognition, Technology and Work},

 keywords = {Cognitive work environment,Distributed cognition,Human-computer interaction,Information and communication technology (ICT),Technostress,observation},

 pages = {187--201},

 title = {Technostress in the office: a distributed cognition perspective on human-technology interaction},

 volume = {16},

 year = {2014}

}



@article{Sellen1997,

 author = {Sellen, Abigail J. and Harper, R},

 journal = {Proceedings of the SIGCHI conference on Human factors in computing systems},

 keywords = {IMF,collaboration,design,diary study,ethnography,knowledge work,organisations,paper},

 pages = {319--326},

 title = {Paper as an analytic resource for the design of new technologies},

 year = {1997}

}



@book{Sellen2003,

 address = {Cambridge, MA, USA},

 author = {Sellen, Abigail J. and Harper, Richard H.R.},

 publisher = {MIT Press},

 title = {The Myth of the Paperless Office},

 year = {2003}

}



@inproceedings{Skatova2016,

 address = {San Jose, CA, USA},

 author = {Skatova, Anya and Bedwell, Ben and Shipp, Victoria and Huang, Yitong and Young, Alexandra and Rodden, Tom and Bertenshaw, Emma},

 booktitle = {{CHI '16}},

 keywords = {Work breaks,breaks,interruptions,privacy,qualitative,wearable camera,wellbeing,work-life boundaries,workplace},

 pages = {3049--3060},

 title = {{The Role of ICT in Office Work Breaks}},

 year = {2016}

}



@inproceedings{Smith2003,

address = {{Brisbane, Australia}},

 author = {Smith, Greg and Baudisch, Patrick and Robertson, George and Czerwinski, Mary and Meyers, Brian and Robbins, Daniel and Andrews, Donna},

 booktitle = {{The Conference for the Computer-Human Interaction Special Interest Group of the Human Factors Society of Australia (OzCHI '03)}},

 title = {GroupBar: The TaskBar Evolved},

 year = {2003}

}



@article{Smith2008,

 author = {Smith, Mason R. and Lewis, Richard L. and Howes, Andrew and Chu, Alonso and Green, Collin},

 journal = {Proceedings of the 30th Annual Conference of Cognitive Science Society},

 keywords = {cognitive architectures,cognitively bounded ra-,errors,hci,strategies,tional analysis},

 pages = {1441--1446},

 title = {More than 8,192 ways to skin a cat: Modeling behavior in multidimensional strategy spaces},

 year = {2008}

}



@inproceedings{Soboczenski2013,

address = {{Cape Town, South Africa}},

 author = {Soboczenski, Frank and Cairns, Paul and Cox, Anna L.},

 booktitle = {{INTERACT '13}},

 pages = {380--394},

 title = {Increasing accuracy by decreasing presentation quality in transcription tasks},

 year = {2013}

}



@article{Soboczenski2015,

 author = {Soboczenski, Frank and Hudson, Matthew and Cairns, Paul},

 journal = {Interacting with Computers},

 keywords = {accepted 12 september 2015,disfluency,editorial board member,empirical studies in hci,hci,human error,human-computer interaction,idhf editors,interference,number-entry,perceptual,received 31 january 2015,revised 14 august 2015},

 pages = {iwv034},

 title = {The Effects of Perceptual Interference on Number-Entry Errors},

 year = {2015}

}



@inproceedings{Sohn2008,

 address = {Florence, Italy},

 author = {Sohn, Timothy and Li, Kevin A. and Griswold, William G. and Hollan, James D.},

 booktitle = {{CHI '08}},

 keywords = {Diary study,diary study,looking up information,mobile devices,mobile entry,multitasking,qualitative,strategies,user requirements},

 pages = {433--442},

 title = {A Diary Study of Mobile Information Needs},

 year = {2008}

}



@incollection{Sperling1986,

 address = {New York, New York, USA},

 author = {Sperling, G and Dosher, B.A.},

 booktitle = {{Handbook of perception and human performance: Volume 1. Sensory processes and perception.}},

 pages = {2--19},

 publisher = {John Wiley and Sons},

 title = {Strategy and optimization in human information processing},

 year = {1986}

}



@article{Spiegelhalter2011,

 author = {Spiegelhalter, David and Pearson, Mike and Short, Ian},

 journal = {Science},

 pages = {1393--1400},

 title = {Visualizing Uncertainty About the Future},

 volume = {333},

 year = {2011}

}



@article{St.John1997,

 author = {St.John, M and Harris, W C and Osga, G},

 journal = {Proceedings of the Human Factors and Ergonomics Society Annual Meeting},

 pages = {1313--1317},

 title = {Designing for Multi-Tasking Environments: Multiple Monitors vs. Multiple Windows},

 volume = {41},

 year = {1997}

}



@article{Stirling2007,

 author = {Stirling, Andrew},

 journal = {EMBO Reports},

 number = {4},

 pages = {309--315},

 title = {Risk, precaution and science: Towards a more constructive policy debate. Talking point on the precautionary principle},

 volume = {8},

 year = {2007}

}



@article{Streit2008,

 author = {Streit, Alexander and Pham, Binh and Brown, Ross},

 journal = {IEEE Transactions on Visualization and Computer Graphics},

 number = {1},

 pages = {61--72},

 title = {A Spreadsheet Approach to Facilitate Visualization of Uncertainty in Information},

 volume = {14},

 year = {2008}

}



@article{Su2013,

 author = {Su, Norman Makoto and Brdiczka, Oliver and Begole, Bo},

 journal = {Human–Computer Interaction},

 number = {4},

 pages = {287--334},

 title = {The Routineness of Routines: Measuring Rhythms of Media Interaction},

 volume = {28},

 year = {2013}

}



@inproceedings{Su2008,

 author = {Su, Norman Makoto and Mark, Gloria},

 booktitle = {{Proceedings of CHI'08}},

 pages = {83--92},

 title = {Communication chains and multitasking},

 year = {2008}

}



@inproceedings{Taatgen2015,

 author = {Taatgen, Niels A and Katidioti, Ioanna and Borst, Jelmer P. and Vugt, Marieke Van},

 booktitle = {{Proceedings of the 13th International Conference on Cognitive Modeling}},

 keywords = {cognitive control,distraction,multitasking,prims,task representation},

 pages = {264--269},

 title = {A Model of Distraction using new Architectural Mechanisms to Manage Multiple Goals},

 year = {2015}

}



@article{Taatgen2016,

 author = {Taatgen, Niels A and van Vugt, Marieke K. and Borst, Jelmer P. and Mehlhorn, Katja},

 journal = {Topics in Cognitive Science},

 keywords = {1963,and it is also,around since the beginning,as grammars for,cognitive architecture,cognitive modeling,intelligent behavior involves compu-,modeling is that human,newell and simon,of computers with pioneers,reflected in formalizations such,such as,tation,the premise of cognitive,this idea has been},

 number = {1},

 pages = {259--263},

 title = {Cognitive Modeling at ICCM: State of the Art and Future Directions},

 volume = {8},

 year = {2016}

}



@article{Tak2014,

 author = {Tak, Susanne and Toet, Alexander and Van Erp, Jan},

 journal = {IEEE Transactions on Visualization and Computer Graphics},

 keywords = {Uncertainty visualization,non-expert audiences,spatial data,user study},

 number = {6},

 pages = {935--943},

 title = {The perception of visual uncertainty representation by non-experts},

 volume = {20},

 year = {2014}

}



@inproceedings{Tan2003,

 author = {Tan, Desney and Czerwinski, Mary},

 booktitle = {{Interact'03}},

 pages = {252--259},

 title = {Effects of Visual Separation and Physical Discontinuities when Distributing Information across Multiple Displays},

 year = {2003}

}



@article{Tan2006,

 author = {Tan, Desney S. and Gergle, Darren and Scupelli, Peter and Pausch, Randy},

 journal = {ACM Transactions on Computer-Human Interaction},

 number = {1},

 pages = {71--99},

 title = {Physically large displays improve performance on spatial tasks},

 volume = {13},

 year = {2006}

}



@article{Tariq2013,

 author = {Tariq, Amina and Georgiou, Andrew and Westbrook, Johanna I.},

 journal = {International Journal of Medical Informatics},

 keywords = {Aged care,Community pharmacy,Distributed cognition,Information exchange,Medication ordering,information exchange},

 number = {5},

 pages = {299--312},

 publisher = {Elsevier Ireland Ltd},

 title = {Medication errors in residential aged care facilities: A distributed cognition analysis of the information exchange process},

 volume = {82},

 year = {2013}

}



@inproceedings{Tarling2010,

 author = {Tarling, Ka and Brumby, Duncan P.},

 booktitle = {{Proceedings of the Human Factors and Ergonomics Society}},

 number = {2002},

 title = {Density guides visual search: Sparse groups are first even when slower},

 year = {2010}

}



@misc{TheMendeleySupportTeam2011,

 address = {London},

 author = {The Mendeley Support Team},

 booktitle = {{Mendeley Desktop}},

 keywords = {Mendeley,how-to,user manual},

 pages = {1--16},

 publisher = {Mendeley Ltd.},

 title = {Getting Started with Mendeley},

 year = {2011}

}



@article{Thimbleby2008,

 author = {Thimbleby, Harold},

 journal = {Interactions},

 pages = {52--57},

 title = {Ignorance of Interaction Programming Is Killing People},

 year = {2008}

}



@inproceedings{Thimbleby2011a,

 address = {Newcastle, England},

 author = {Thimbleby, Harold},

 booktitle = {{Proceedings BCS Conference on HCI}},

 pages = {1--6},

 publisher = {Oxford University Press},

 title = {Don't use 7-segment displays},

 year = {2011}

}



@inproceedings{Thimbleby2011,

 author = {Thimbleby, Harold},

 booktitle = {{Proceedings of the IADIS International Conference on Interfaces and Human Computer Interaction}},

 keywords = {calculators,interactive numbers,medical systems,safety-critical user interfaces,spreadsheets,user interface design},

 title = {Interactive Numbers: a Grand Challenge},

 year = {2011}

}



@article{Thimbleby2010,

 author = {Thimbleby, Harold and Cairns, Paul},

 institution = {Future Interaction Technology Laboratory, Swansea University, Swansea SA2 8PP, UK. harold@thimbleby.net},

 journal = {Journal of the Royal Society Interface the Royal Society},

 keywords = {algorithms,humans,safety,software,user computer interface},

 month = {oct},

 number = {51},

 pages = {1429--1439},

 publisher = {The Royal Society},

 title = {Reducing number entry errors: solving a widespread, serious problem},

 volume = {7},

 year = {2010}

}



@article{Thimbleby2015,

 author = {Thimbleby, Harold and Oladimeji, Patrick and Cairns, Paul},

 journal = {J Royal Soc Interface},

 title = {Unreliable numbers : error and harm induced by bad design can be reduced by better design},

 year = {2015}

}



@inproceedings{Thimbleby2013,

 author = {Thimbleby, Harold and Williams, David},

 booktitle = {{2013 IEEE International Conference on Healthcare Informatics}},

 month = {sep},

 pages = {461--470},

 publisher = {Ieee},

 title = {Using Nomograms to Reduce Harm from Clinical Calculations},

 year = {2013}

}



@article{Trafton2011,

 author = {Trafton, J. Gregory and Altmann, Erik M. and Ratwani, Raj M.},

 journal = {Cognitive Systems Research},

 keywords = {cognitive modeling,errors,routine sequential actions},

 month = {jun},

 number = {2},

 pages = {134--143},

 publisher = {Elsevier B.V.},

 title = {A memory for goals model of sequence errors},

 volume = {12},

 year = {2011}

}



@article{Trafton2000,

 author = {Trafton, J. Gregory and Kirschenbaum, Susan S. and Tsui, Ted L. and Miyamoto, Robert T. and Ballas, James A. and Raymond, Paula D.},

 journal = {International Journal of Human-Computer Studies},

 number = {53},

 pages = {827--850},

 title = {Turning pictures into numbers: extracting and generating information from complex visualizations},

 year = {2000}

}



@inproceedings{Trafton2014,

 author = {Trafton, J. Gregory and Ratwani, Raj M.},

 booktitle = {{CHI 2014}},

 pages = {1767--1776},

 title = {The Law of Unintended Consequences : The Case of External Subgoal Support},

 year = {2014}

}



@article{Trommershauser2003,

 author = {Trommershäuser, Julia and Maloney, Laurence T and Landy, Michael S},

 journal = {Journal of the Optical Society of America A: Optics, Image Science & Vision},

 number = {7},

 pages = {1419--1433},

 title = {Statistical decision theory and the selection of rapid, goal-directed movements.},

 volume = {20},

 year = {2003}

}



@inproceedings{Trullemans2016,

 address = {Bari, Italy},

 author = {Trullemans, Sandra and Sanctorum, Audrey and Signer, Beat},

 booktitle = {{Proceedings of the International Working Conference on Advanced Visual Interfaces - AVI '16}},

 keywords = {cross-media information spaces,design solution,document tracking,information management,interview,paper,paper-digital interface,personal information management,questionnaire,user study},

 pages = {176--183},

 title = {PimVis: Exploring and Re-finding Documents in Cross-Media Information Spaces},

 year = {2016}

}



@inproceedings{Trullemans2014,

 address = {London, UK},

 author = {Trullemans, Sandra and Signer, Beat},

 booktitle = {{Proceedings of DL 2014, International Conference on Digital Libraries}},

 title = {From User Needs to Opportunities in Personal Information Management: A Case Study on Organisational Strategies in Cross-Media Information Spaces},

 year = {2014}

}



@inproceedings{Tu2014,

 address = {Kochi, Japan},

 author = {Tu, Huawei and Oladimeji, Patrick and Wiseman, Sarah E M and Thimbleby, Harold and Niezen, Gerrit and Cairns, Paul},

 booktitle = {{International Symposium on Interaction Design and Human Factors (IDHF 2014)}},

 title = {Employing Number-based Graphical Representations to Enhance the Effects of Visual Check on Entry Error Detection},

 year = {2014}

}



@inproceedings{Tu2014a,

 address = {Southport, UK},

 author = {Tu, Huawei and Park, Singleton and Oladimeji, Patrick and Park, Singleton and Li, Yunqiu and Park, Singleton and Thimbleby, Harold},

 booktitle = {{Proceedings of BCS HCI 2014}},

 title = {The Effects of Number-related Factors on Entry Performance},

 year = {2014}

}



@article{Tversky1974,

 author = {Tversky, Amos and Kahneman, Daniel},

 journal = {Science},

 number = {4157},

 pages = {1124--1131},

 title = {Judgment under Uncertainty: Heuristics and Biases},

 volume = {185},

 year = {1974}

}



@article{Unit2010,

 author = {Unit, Learner Development},

 journal = {Structure},

 pages = {1--5},

 title = {Study Guides : Writing},

 year = {2010}

}



@article{VanMaanen2015,

 archiveprefix = {arXiv},

 arxivid = {arXiv:1011.1669v3},

 author = {van Maanen, Leendert},

 eprint = {arXiv:1011.1669v3},

 journal = {Topics in Cognitive Science},

 keywords = {icle},

 pages = {279--290},

 title = {Is there evidence for a mixture of processes in speed-accuracy trade-off behavior?},

 volume = {8},

 year = {2015}

}



@inproceedings{VanTurnhout2014,

 author = {van Turnhout, Koen and Bakker, René and Bennis, Arthur and Craenmehr, Sabine and Holwerda, Robert and Jacobs, Marjolein and Niels, Ralph and Zaad, Lambert and Hoppenbrouwers, Stijn and Lenior, Dick},

 booktitle = {{Proceedings of the 8th Nordic Conference on Human-Computer Interaction Fun, Fast, Foundational - NordiCHI '14}},

 keywords = {methodology,mixed-method research,triangulation},

 pages = {361--370},

 title = {Design patterns for mixed-method research in HCI},

 year = {2014}

}



@phdthesis{VanStelle2012,

 author = {VanStelle, Sarah E},

 school = {Western Michigan University},

 title = {Performance on a Data Entry Task When Participants Receive Three Different Types of Graphic Feedback},

 type = {phd thesis},

 year = {2012}

}



@inproceedings{Veksler2007,

 address = {Ann Arbor, Michigan, USA},

 author = {Veksler, Bella Z and Gray, Wayne D and Schoelles, Michael J},

 booktitle = {{Proceedings of the 8th International Conference on Cognitive Modeling}},

 title = {From 1000ms to 650ms : Why Interleaving , Soft Constraints , and Milliseconds Matter},

 year = {2007}

}



@article{Vertanen2014,

 author = {Vertanen, Keith and Kristensson, Per Ola},

 journal = {ACM Transactions on Computer-Human Interaction},

 keywords = {Text entry evaluation,composition,crowdsourcing,transcription},

 number = {2},

 pages = {1--33},

 title = {Complementing text entry evaluations with a composition task},

 volume = {21},

 year = {2014}

}



@inproceedings{Vertanen2015,

 address = {Seoul, Republic of Korea},

 author = {Vertanen, Keith and Memmi, Haythem and Emge, Justin and Reyal, Shyam and Kristensson, Per Ola},

 booktitle = {{CHI '15}},

 keywords = {Mobile text entry,sentence decoding,touchscreen keyboard},

 pages = {659--668},

 title = {VelociTap: Investigating Fast Mobile Text Entry using Sentence-Based Decoding of Touchscreen Keyboard Input},

 year = {2015}

}



@inproceedings{Vincent2011,

 author = {Vincent, Chris and Blandford, Ann},

 booktitle = {{Proceedings of the Human Factors and Ergonomics Society Annual Meeting}},

 number = {24},

 pages = {793--797},

 title = {Designing for safety and usability: User-centered techniques in medical device design practice},

 year = {2011}

}



@article{Vugt2011,

 author = {Vugt, Marieke Van and Jha, A P},

 journal = {Cogn Affect Behav Neurosci},

 keywords = {*Meditation,Adult,Aged,Attention/*physiology,Cognition/physiology,Decision Making/physiology,Female,Humans,Male,Memory, Short-Term/*physiology,Middle Aged,Models, Psychological,Reaction Time/physiology},

 number = {3},

 pages = {344--353},

 title = {Investigating the impact of mindfulness meditation training on working memory: a mathematical modeling approach},

 volume = {11},

 year = {2011}

}



@article{Vugt2009,

 author = {Vugt, Marieke Van and Taatgen, Niels A and Sackur, J and Bastian, M},

 journal = {Iccm2015.Org},

 keywords = {act-r,distraction,meditation,mind-wandering},

 pages = {252--257},

 title = {Modeling mind-wandering: a tool to better understand distraction},

 year = {2009}

}



@article{Wainer2011,

 author = {Wainer, Jaclyn and Dabbish, Laura A and Kraut, Robert},

 journal = {\ldots of the SIGCHI Conference on Human \ldots},

 keywords = {Electronic mail,attention,computer- mediated communication.,curiosity,email,information gap,prioritization},

 pages = {3439--3448},

 title = {Should I open this email?: inbox-level cues, curiosity and attention to email},

 year = {2011}

}



@article{Waldron2011,

 author = {Waldron, Samuel M. and Patrick, John and Duggan, G. B.},

 journal = {Quarterly Journal of Experimental Psychology},

 number = {3},

 pages = {485--503},

 title = {The influence of goal-state access cost on planning during problem solving},

 volume = {64},

 year = {2011}

}



@article{Waldron2007,

 author = {Waldron, Samuel M. and Patrick, John and Morgan, Phillip L. and King, Sophia L},

 journal = {The Computer Journal},

 keywords = {Human interactive behaviour,Memory-based strategy,Task performance criteria},

 number = {6},

 pages = {694--702},

 title = {Influencing Cognitive Strategy by Manipulating Information Access},

 volume = {50},

 year = {2007}

}



@article{Walsh2009,

 author = {Walsh, Matthew M. and Anderson, John R.},

 journal = {Cognitive Psychology},

 keywords = {Choice,Distributed cognition,Motor control,Multiplication,Problem solving,Strategy selection},

 number = {3},

 pages = {416--440},

 publisher = {Elsevier Inc.},

 title = {The strategic nature of changing your mind},

 volume = {58},

 year = {2009}

}



@inproceedings{Wang2018,

 address = {Montreal, Canada},

 author = {Wang, Guan and Suh, Ayoung},

 booktitle = {{CHI '18}},

 title = {Disorder or Driver?: The Effects of Nomophobia on Work-Related Outcomes in Organizations},

 year = {2018}

}



@article{Weir2007,

 author = {Weir, Charlene and Nebeker, Jonathan and Hicken, Bret L. and Campo, Rebecca and Drews, Frank and Lebar, Beth},

 journal = {Journal of the American Medical Informatics Association},

 keywords = {cognitive task analysis,information management,looking up information,qualitative,stratgies},

 number = {1},

 pages = {65--75},

 title = {A Cognitive Task Analysis of Information Management Strategies in a Computerized Provider Order Entry Environment},

 volume = {14},

 year = {2007}

}



@article{Westbrook2010,

 author = {Westbrook, Johanna I. and Woods, Amanda and Rob, Marilyn I. and Dunsmuir, William T. M. and Day, Richard O.},

 journal = {Archives of Internal Medicine},

 number = {8},

 pages = {683--690},

 title = {Association of Interruptions With an Increased Risk and Severity of Medication Administration Errors},

 volume = {170},

 year = {2010}

}



@article{Whittaker2001,

 author = {Whittaker, Steve and Hirschberg, Julia},

 journal = {Transactions on Computer Human Interaction},

 number = {2},

 pages = {150--170},

 title = {The Character, Value, and Management of Personal Paper Archives},

 volume = {8},

 year = {2001}

}



@inproceedings{Whittaker2016,

 address = {San Jose, CA, USA},

 author = {Whittaker, Steve and Hollis, Victoria and Guydish, Andrew},

 booktitle = {{CHI '16}},

 keywords = {Focus,awareness,behavior change,intervention,productivity,task switching,use of time},

 pages = {1729--1738},

 title = {{'Don't Waste My Time': Use of Time Information Improves Focus}},

 year = {2016}

}



@book{Wilson2011,

 author = {Wilson, Max L.},

 booktitle = {{Synthesis Lectures on Information Concepts, Retrieval, and Services}},

 number = {3},

 pages = {1--143},

 title = {Search User Interface Design},

 volume = {3},

 year = {2011}

}



@inproceedings{Wilson2017,

 address = {Oslo, Norway},

 author = {Wilson, Max L.},

 booktitle = {{CHIIR}},

 keywords = {Information Need,Information Seeking Process,Model,Theory},

 title = {The Tetris model of resolving information needs within the information seeking process},

 year = {2017}

}



@book{Winston2011,

 author = {Winston, W.L.},

 publisher = {Microsoft Press},

 title = {Microsoft Excel 2010: Data Analysis and Business Modeling},

 year = {2011}

}



@incollection{Wiseman,

 author = {Wiseman, Sarah E M},

 title = {Strategies for reading numbers}

}



@phdthesis{Wiseman2014,

 author = {Wiseman, Sarah E M},

 school = {University College London},

 title = {Designing for Numerical Transcription Typing: Frequent Numbers Matter},

 type = {doctoral thesis},

 year = {2014}

}



@inproceedings{Wiseman2015,

 address = {Los Angeles, CA, USA},

 author = {Wiseman, Sarah E M and Borghouts, Judith and Grgic, Dora and Brumby, Duncan P. and Cox, Anna L.},

 booktitle = {{Human Factors and Ergonomics Society Annual Meeting}},

 pages = {436--439},

 title = {The Effect Of Interface Type On Visual Error Checking Behavior},

 year = {2015}

}



@inproceedings{Wiseman2013b,

address = {{San Diego, CA, USA}},

 author = {Wiseman, Sarah E M and Brumby, Duncan P. and Cox, Anna L. and Hennessy, Orla},

 booktitle = {{Proceedings of the Human Factors and Ergonomics Society (HFES '13)}},

 pages = {683--687},

 title = {Tailoring Number Entry Interfaces To The Task of Programming Medical Infusion Pumps},

 year = {2013}

}



@inproceedings{Wiseman2011,

address = {{Newcastle-upon-Tyne, UK}}, 

 author = {Wiseman, Sarah E M and Cairns, Paul and Cox, Anna L.},

 booktitle = {{The 25th BCS Conference on Human-Computer Interaction}},

 keywords = {Human error,Number entry,Taxonomy of error},

 pages = {187--196},

 title = {A Taxonomy of Number Entry Error},

 year = {2011}

}



@inproceedings{Wiseman2012,

 author = {Wiseman, Sarah E M and Cox, Anna L. and Brumby, Duncan P.},

 booktitle = {{CHI'12 Extended Abstracts on Human Factors in Computing Systems}},

 keywords = {digit frequency,interface design,medical,number entry},

 number = {61},

 pages = {1733--1738},

 title = {Designing for the task: What numbers are really used in hospitals?},

 year = {2012}

}



@article{Wiseman2013,

address = {{San Diego, CA, USA}},

 author = {Wiseman, Sarah E M and Cox, Anna L. and Brumby, Duncan P.},

 journal = {Human Factors: The Journal of the Human Factors and Ergonomics Society},

 month = {jan},

 number = {1},

 pages = {61--74},

 title = {Designing Devices With the Task in Mind: Which Numbers Are Really Used in Hospitals?},

 volume = {55},

 year = {2013}

}



@inproceedings{Wiseman2013a,

 address = {Paris, France},

 author = {Wiseman, Sarah E M and Cox, Anna L. and Brumby, Duncan P. and Gould, Sandy J.J. and Carroll, Sarah O},

 booktitle = {{CHI '13}},

 keywords = {Checksums,Error detection,Number entry,Redundancy},

 number = {107},

 pages = {2403--2406},

 title = {{Using Checksums to Detect Number Entry Error}},

 year = {2013}

}



@article{Wiseman2016,

 author = {Wiseman, Sarah E M and Soto Mino, Gustavo and Cox, Anna L. and Gould, Sandy J.J. and Moore, Joanne and Needham, Chris},

 journal = {Proceedings of the 2016 CHI Conference on Human Factors in Computing Systems},

 keywords = {authentication,data entry,internet of things,pairing,passcodes,passwords,text entry,transcription,typing},

 pages = {1385--1389},

 title = {Use Your Words: Designing One-time Pairing Codes to Improve User Experience},

 year = {2016}

}



@article{Wobbrock2015,

 author = {Wobbrock, Jacob O.},

 number = {1},

 title = {Catchy Titles Are Good : But Avoid Being Cute},

 year = {2015}

}



@inproceedings{Wobbrock2008,

 author = {Wobbrock, Jacob O. and Cutrell, Edward and Harada, Susumu and MacKenzie, I. Scott},

 booktitle = {{CHI 2008}},

 keywords = {Fitts' law,Movement time,Schmidt's law,clicking errors,error model.,error rates,errors,mousing errors,pointing,pointing time,speedaccuracy,tradeoff},

 pages = {1613--1622},

 title = {An error model for pointing based on Fitts' law},

 year = {2008}

}



@article{Guide1996,

 archiveprefix = {arXiv},

 arxivid = {arXiv:1011.1669v3},

 author = {Wolf, R.},

 eprint = {arXiv:1011.1669v3},

 journal = {Technical Textiles International},

 number = {7},

 pages = {18--20},

 title = {Redefining the concept of insulation},

 volume = {5},

 year = {1996}

}



@incollection{Woods1950,

 author = {Woods, David D and Cook, Richard I},

 booktitle = {{Handbook of Applied Cognition}},

 pages = {1--38},

 title = {Perspectives on Human Error : Hindsight Biases and Local Rationality},

 year = {1950}

}



@article{Wright2000,

 author = {Wright, Peter C and Fields, Robert E and Harrison, Michael D},

 journal = {Human-Computer Interaction},

 keywords = {Distributed cognition},

 number = {1},

 pages = {1--41},

 title = {Analyzing Human-Computer Interaction as Distributed Cognition: The Resources Model},

 volume = {15},

 year = {2000}

}



@article{Yang2009,

 author = {Yang, Shu-Ju and Gallo, David a and Beilock, Sian L},

 journal = {Journal of Experimental Psychology: Learning, memory, and cognition},

 keywords = {Adolescent,Adult,Analysis of Variance,Attention,Attention: physiology,Choice Behavior,Choice Behavior: physiology,Cognition,Cognition: physiology,Female,Humans,Judgment,Judgment: physiology,Male,Memory,Memory: physiology,Perception,Perception: physiology,Professional Competence,Psychomotor Performance,Psychomotor Performance: physiology,Reaction Time,Reaction Time: physiology,Vocabulary,Young Adult},

 month = {sep},

 number = {5},

 pages = {1359--65},

 title = {Embodied memory judgments: a case of motor fluency.},

 volume = {35},

 year = {2009}

}



@article{Yang2013,

 author = {Yang, X. and Park, T. and Wickens, C. D. and Siah, K. T. H. and Fong, L. and Yin, S. Q.},

 journal = {Proceedings of the Human Factors and Ergonomics Society Annual Meeting},

 number = {May},

 pages = {1755--1759},

 title = {The effect of information access cost and overconfidence bias on junior doctors' pre-handover performance},

 volume = {57},

 year = {2013}

}



@inproceedings{Yau2015,

 address = {Seoul, Republic of Korea},

 author = {Yau, Sze-yuen and Li, Simon Yau Wai},

 booktitle = {{CHI 15 extended abstracts}},

 keywords = {Error detection,human error,working memory},

 pages = {1031--1036},

 title = {Working Memory and the Detection of Different Error Types – Novel Predictions for Error Detection},

 year = {2015}

}



@inproceedings{Young1988,

 author = {Young, Richard M. and MacLean, Allan},

 booktitle = {{Human Factors in Computing Systems: CHI '88 Conference}},

 keywords = {decision making,own,tech},

 pages = {139--143},

 title = {Choosing Between Methods: Analysing the User's Decision Space in Terms of Schemas and Linear Models},

 year = {1988}

}



@inproceedings{Zhang2007,

 author = {Zhang, Jiajie and Butler, Keith A},

 booktitle = {{Proceedings of HCI International 2007}},

 pages = {2--6},

 title = {UFuRT : A Work-Centered Framework and Process for Design and Evaluation of Information Systems},

 year = {2007}

}



@article{Zhang1994,

 author = {Zhang, Jiajie and Norman, Donald Arthur},

 journal = {Cognitive Science},

 pages = {87--122},

 title = {Representations in Distributed Cognitive Tasks},

 volume = {18},

 year = {1994}

}



@article{Zhang2004,

 author = {Zhang, Jiajie and Patel, Vimla L and Johnson, Todd R and Shortliffe, Edward H},

 journal = {Journal of biomedical informatics},

 keywords = {Cognition,Cognitive Science,Cognitive Science: methods,Decision Support Systems, Clinical,Decision Support Techniques,Information Storage and Retrieval,Information Storage and Retrieval: methods,Medical Errors,Medical Errors: classification,Medical Errors: prevention & control,Medical Records Systems, Computerized,Models, Biological,Risk Management,Risk Management: methods},

 month = {jun},

 number = {3},

 pages = {193--204},

 title = {A cognitive taxonomy of medical errors.},

 volume = {37},

 year = {2004}

}



@article{Zhang1827,

 author = {Zhang, Jiajie and Wang, Hongbin},

 journal = {The Quarterly Journal of Experimental Psychology},

 number = {5},

 pages = {817--838},

 title = {The Effect of External Representations On Numeric Tasks},

 volume = {58},

 year = {2005}

}



@article{Zhang2009,

 author = {Zhang, Jiajie and Wang, Hongbin},

 journal = {PloS one},

 keywords = {Humans,Memory,Task Performance and Analysis},

 month = {jan},

 number = {8},

 pages = {e6513},

 title = {An exploration of the relations between external representations and working memory.},

 volume = {4},

 year = {2009}

}





